<?xml version="1.0" encoding="UTF-8"?>
<!DOCTYPE html PUBLIC "-//W3C//DTD XHTML 1.0 Transitional//EN"
    "http://www.w3.org/TR/xhtml1/DTD/xhtml1-transitional.dtd">
<html xmlns="http://www.w3.org/1999/xhtml" xml:lang="en" lang="en">
 <head>
  <title>
</title>
<meta http-equiv="Content-Type" content="text/html;charset=utf-8" />
  <meta name='ocr-system' content='tesseract 3.04.00' />
  <meta name='ocr-capabilities' content='ocr_page ocr_carea ocr_par ocr_line ocrx_word'/>
</head>
<body>
  <div class='ocr_page' id='page_1' title='image "4767274_0028.png"; bbox 0 0 3198 4058; ppageno 0'>
   <div class='ocr_carea' id='block_1_1' title="bbox 618 304 1874 353">
    <p class='ocr_par' dir='ltr' id='par_1_1' title="bbox 618 304 1874 353">
     <span class='ocr_line' id='line_1_1' title="bbox 618 304 1874 353; baseline 0 0"><span class='ocrx_word' id='word_1_1' title='bbox 618 304 676 345; x_wconf 83' lang='lat'><strong>20</strong></span> <span class='ocrx_word' id='word_1_2' title='bbox 721 304 729 310; x_wconf 77' lang='grc'>’</span> <span class='ocrx_word' id='word_1_3' title='bbox 1573 316 1614 353; x_wconf 79' lang='lat' dir='ltr'><strong>c,</strong></span> <span class='ocrx_word' id='word_1_4' title='bbox 1640 317 1691 353; x_wconf 87' lang='lat' dir='ltr'><strong>M.</strong></span> <span class='ocrx_word' id='word_1_5' title='bbox 1717 317 1874 353; x_wconf 75' lang='lat' dir='ltr'><strong>zander.</strong></span> 
     </span>
    </p>
   </div>
   <div class='ocr_carea' id='block_1_2' title="bbox 598 420 2816 3637">
    <p class='ocr_par' dir='ltr' id='par_1_2' title="bbox 598 420 2816 2018">
     <span class='ocr_line' id='line_1_2' title="bbox 598 420 2814 478; baseline 0 -14"><span class='ocrx_word' id='word_1_6' title='bbox 598 420 736 477; x_wconf 57' lang='lat' dir='ltr'><strong>‘quod</strong></span> <span class='ocrx_word' id='word_1_7' title='bbox 784 426 1099 478; x_wconf 81' lang='lat' dir='ltr'>argumentum</span> <span class='ocrx_word' id='word_1_8' title='bbox 1138 422 1265 465; x_wconf 83' lang='lat' dir='ltr'><strong>aliter</strong></span> <span class='ocrx_word' id='word_1_9' title='bbox 1296 423 1545 478; x_wconf 76' lang='lat' dir='ltr'>explicatur</span> <span class='ocrx_word' id='word_1_10' title='bbox 1577 423 1620 464; x_wconf 88' lang='lat' dir='ltr'><strong>in</strong></span> <span class='ocrx_word' id='word_1_11' title='bbox 1653 423 1728 465; x_wconf 82' lang='lat' dir='ltr'><strong>Ph</strong></span> <span class='ocrx_word' id='word_1_12' title='bbox 1759 422 1887 465; x_wconf 87' lang='lat' dir='ltr'><strong>aliter</strong></span> <span class='ocrx_word' id='word_1_13' title='bbox 1918 422 1963 465; x_wconf 86' lang='lat' dir='ltr'><strong>in</strong></span> <span class='ocrx_word' id='word_1_14' title='bbox 1997 438 2034 465; x_wconf 86' lang='grc' dir='ltr'><strong>π.</strong></span> <span class='ocrx_word' id='word_1_15' title='bbox 2072 438 2176 465; x_wconf 84' lang='lat' dir='ltr'><strong>nam</strong></span> <span class='ocrx_word' id='word_1_16' title='bbox 2210 422 2333 466; x_wconf 83' lang='lat' dir='ltr'><strong>testis</strong></span> <span class='ocrx_word' id='word_1_17' title='bbox 2364 422 2506 465; x_wconf 75' lang='lat' dir='ltr'><strong>falsus</strong></span> <span class='ocrx_word' id='word_1_18' title='bbox 2539 437 2657 465; x_wconf 89' lang='lat' dir='ltr'><strong>unus</strong></span> <span class='ocrx_word' id='word_1_19' title='bbox 2689 422 2814 465; x_wconf 83' lang='lat' dir='ltr'><strong>indu·</strong></span> 
     </span>
     <span class='ocr_line' id='line_1_3' title="bbox 615 498 2813 555; baseline 0 -15"><span class='ocrx_word' id='word_1_20' title='bbox 615 498 730 540; x_wconf 86' lang='lat' dir='ltr'><strong>eitur</strong></span> <span class='ocrx_word' id='word_1_21' title='bbox 777 498 822 541; x_wconf 91' lang='lat' dir='ltr'><strong>in</strong></span> <span class='ocrx_word' id='word_1_22' title='bbox 869 499 944 542; x_wconf 86' lang='lat' dir='ltr'><strong>Ph</strong></span> <span class='ocrx_word' id='word_1_23' title='bbox 992 499 1135 554; x_wconf 80' lang='lat' dir='ltr'><strong>lupus,</strong></span> <span class='ocrx_word' id='word_1_24' title='bbox 1188 499 1230 541; x_wconf 88' lang='lat' dir='ltr'><strong>in</strong></span> <span class='ocrx_word' id='word_1_25' title='bbox 1279 513 1303 540; x_wconf 84' lang='grc' dir='ltr'>π</span> <span class='ocrx_word' id='word_1_26' title='bbox 1344 503 1443 547; x_wconf 72' lang='lat' dir='ltr'><strong>tres,</strong></span> <span class='ocrx_word' id='word_1_27' title='bbox 1479 499 1611 555; x_wconf 86' lang='lat' dir='ltr'><strong>lupus</strong></span> <span class='ocrx_word' id='word_1_28' title='bbox 1645 499 1810 542; x_wconf 83' lang='lat' dir='ltr'><strong>miluus</strong></span> <span class='ocrx_word' id='word_1_29' title='bbox 1841 500 2071 555; x_wconf 60' lang='lat' dir='ltr'><strong>ancipitem</strong></span> <span class='ocrx_word' id='word_1_30' title='bbox 2107 498 2226 542; x_wconf 93' lang='lat' dir='ltr'><strong>unde</strong></span> <span class='ocrx_word' id='word_1_31' title='bbox 2258 498 2439 542; x_wconf 83' lang='lat' dir='ltr'><strong>solverit</strong></span> <span class='ocrx_word' id='word_1_32' title='bbox 2469 498 2684 542; x_wconf 80' lang='lat' dir='ltr'><strong>damnata</strong></span> <span class='ocrx_word' id='word_1_33' title='bbox 2716 499 2813 542; x_wconf 84' lang='lat' dir='ltr'><strong>ovis</strong></span> 
     </span>
     <span class='ocr_line' id='line_1_4' title="bbox 617 573 2815 639; baseline 0 -22"><span class='ocrx_word' id='word_1_34' title='bbox 617 574 725 618; x_wconf 82' lang='lat' dir='ltr'><strong>nihil</strong></span> <span class='ocrx_word' id='word_1_35' title='bbox 774 573 881 618; x_wconf 72' lang='lat' dir='ltr'><strong>dicit</strong></span> <span class='ocrx_word' id='word_1_36' title='bbox 927 573 1015 626; x_wconf 87' lang='lat' dir='ltr'><strong>Ph,</strong></span> <span class='ocrx_word' id='word_1_37' title='bbox 1049 589 1076 617; x_wconf 90' lang='grc' dir='ltr'><strong><em>π</em></strong></span> <span class='ocrx_word' id='word_1_38' title='bbox 1106 590 1236 639; x_wconf 70' lang='lat' dir='ltr'><strong>ovem</strong></span> <span class='ocrx_word' id='word_1_39' title='bbox 1276 574 1422 619; x_wconf 86' lang='lat' dir='ltr'><strong>lanam</strong></span> <span class='ocrx_word' id='word_1_40' title='bbox 1458 575 1525 620; x_wconf 87' lang='lat' dir='ltr'><strong>sui</strong></span> <span class='ocrx_word' id='word_1_41' title='bbox 1558 575 1755 632; x_wconf 87' lang='lat' dir='ltr'><strong>eorporis</strong></span> <span class='ocrx_word' id='word_1_42' title='bbox 1787 576 1883 619; x_wconf 88' lang='lat' dir='ltr'><strong>eius</strong></span> <span class='ocrx_word' id='word_1_43' title='bbox 1917 576 1975 620; x_wconf 90' lang='lat' dir='ltr'><strong>rei</strong></span> <span class='ocrx_word' id='word_1_44' title='bbox 2009 590 2145 619; x_wconf 81' lang='lat' dir='ltr'><strong>eausa</strong></span> <span class='ocrx_word' id='word_1_45' title='bbox 2175 581 2375 619; x_wconf 75' lang='lat' dir='ltr'><strong>coactam</strong></span> <span class='ocrx_word' id='word_1_46' title='bbox 2408 575 2688 625; x_wconf 77' lang='lat' dir='ltr'><strong>vendidisse:</strong></span> <span class='ocrx_word' id='word_1_47' title='bbox 2740 575 2815 618; x_wconf 86' lang='lat' dir='ltr'><strong>Ph</strong></span> 
     </span>
     <span class='ocr_line' id='line_1_5' title="bbox 615 650 2812 710; baseline 0 -16"><span class='ocrx_word' id='word_1_48' title='bbox 615 650 771 708; x_wconf 81' lang='lat' dir='ltr'><strong>lupun]</strong></span> <span class='ocrx_word' id='word_1_49' title='bbox 820 651 867 695; x_wconf 91' lang='lat' dir='ltr'><strong>in</strong></span> <span class='ocrx_word' id='word_1_50' title='bbox 915 651 1048 696; x_wconf 81' lang='lat' dir='ltr'><strong>fovea</strong></span> <span class='ocrx_word' id='word_1_51' title='bbox 1079 652 1180 696; x_wconf 74' lang='lat' dir='ltr'><strong>falsi</strong></span> <span class='ocrx_word' id='word_1_52' title='bbox 1213 652 1452 696; x_wconf 86' lang='lat' dir='ltr'><strong>testimonii</strong></span> <span class='ocrx_word' id='word_1_53' title='bbox 1488 668 1679 709; x_wconf 79' lang='lat' dir='ltr'><strong>poenam</strong></span> <span class='ocrx_word' id='word_1_54' title='bbox 1714 653 1866 705; x_wconf 82' lang='lat' dir='ltr'><strong>luisse;</strong></span> <span class='ocrx_word' id='word_1_55' title='bbox 1906 654 1951 696; x_wconf 91' lang='lat' dir='ltr'><strong>in</strong></span> <span class='ocrx_word' id='word_1_56' title='bbox 1986 669 2012 695; x_wconf 80' lang='grc' dir='ltr'><strong><em>π</em></strong></span> <span class='ocrx_word' id='word_1_57' title='bbox 2045 652 2168 696; x_wconf 86' lang='lat' dir='ltr'><strong>mihil</strong></span> <span class='ocrx_word' id='word_1_58' title='bbox 2202 652 2257 696; x_wconf 88' lang='lat' dir='ltr'><strong>de</strong></span> <span class='ocrx_word' id='word_1_59' title='bbox 2290 668 2432 710; x_wconf 89' lang='lat' dir='ltr'><strong>poena</strong></span> <span class='ocrx_word' id='word_1_60' title='bbox 2467 653 2575 709; x_wconf 90' lang='lat' dir='ltr'><strong>lupi.</strong></span> <span class='ocrx_word' id='word_1_61' title='bbox 2614 678 2670 685; x_wconf 90' lang='lat'>-</span> <span class='ocrx_word' id='word_1_62' title='bbox 2703 652 2812 695; x_wconf 85' lang='lat' dir='ltr'><strong>Item</strong></span> 
     </span>
     <span class='ocr_line' id='line_1_6' title="bbox 616 722 2815 786; baseline 0 -15"><span class='ocrx_word' id='word_1_63' title='bbox 616 729 691 771; x_wconf 91' lang='lat' dir='ltr'><strong>illa</strong></span> <span class='ocrx_word' id='word_1_64' title='bbox 737 722 851 772; x_wconf 62' lang='lat' dir='ltr'><strong>hui&amp;</strong></span> <span class='ocrx_word' id='word_1_65' title='bbox 873 729 1031 773; x_wconf 86' lang='lat' dir='ltr'><strong>similis</strong></span> <span class='ocrx_word' id='word_1_66' title='bbox 1065 730 1214 773; x_wconf 79' lang='lat' dir='ltr'><strong>fabula</strong></span> <span class='ocrx_word' id='word_1_67' title='bbox 1249 730 1325 775; x_wconf 88' lang='lat' dir='ltr'><strong>Pb.</strong></span> <span class='ocrx_word' id='word_1_68' title='bbox 1362 730 1377 772; x_wconf 88' lang='grc' dir='ltr'>Ι</span> <span class='ocrx_word' id='word_1_69' title='bbox 1417 732 1467 772; x_wconf 70' lang='grc'><strong>16</strong></span> <span class='ocrx_word' id='word_1_70' title='bbox 1499 744 1589 786; x_wconf 79' lang='lat' dir='ltr'><strong>qua</strong></span> <span class='ocrx_word' id='word_1_71' title='bbox 1630 731 1717 773; x_wconf 80' lang='lat' dir='ltr'><strong>ovi</strong></span> <span class='ocrx_word' id='word_1_72' title='bbox 1752 730 1817 774; x_wconf 84' lang='lat' dir='ltr'><strong>ab</strong></span> <span class='ocrx_word' id='word_1_73' title='bbox 1851 730 1981 786; x_wconf 90' lang='lat' dir='ltr'><strong>lupo</strong></span> <span class='ocrx_word' id='word_1_74' title='bbox 2014 735 2066 773; x_wconf 90' lang='lat' dir='ltr'><strong>et</strong></span> <span class='ocrx_word' id='word_1_75' title='bbox 2097 745 2263 773; x_wconf 77' lang='lat' dir='ltr'><strong>cervo</strong></span> <span class='ocrx_word' id='word_1_76' title='bbox 2297 730 2447 773; x_wconf 79' lang='lat' dir='ltr'><strong>fraus</strong></span> <span class='ocrx_word' id='word_1_77' title='bbox 2479 729 2815 774; x_wconf 77' lang='lat' dir='ltr'><strong>intenditur</strong></span> 
     </span>
     <span class='ocr_line' id='line_1_7' title="bbox 614 781 2816 855; baseline 0 -8"><span class='ocrx_word' id='word_1_78' title='bbox 614 806 701 848; x_wconf 88' lang='lat' dir='ltr'><strong>alia</strong></span> <span class='ocrx_word' id='word_1_79' title='bbox 734 807 782 848; x_wconf 79' lang='lat' dir='ltr'><strong>fit</strong></span> <span class='ocrx_word' id='word_1_80' title='bbox 813 806 859 848; x_wconf 89' lang='lat' dir='ltr'><strong>in</strong></span> <span class='ocrx_word' id='word_1_81' title='bbox 890 806 965 849; x_wconf 91' lang='lat' dir='ltr'><strong>Ph</strong></span> <span class='ocrx_word' id='word_1_82' title='bbox 997 806 1084 849; x_wconf 86' lang='lat' dir='ltr'><strong>alia</strong></span> <span class='ocrx_word' id='word_1_83' title='bbox 1115 806 1161 849; x_wconf 89' lang='lat' dir='ltr'><strong>in</strong></span> <span class='ocrx_word' id='word_1_84' title='bbox 1196 821 1221 848; x_wconf 87' lang='grc' dir='ltr'><strong><em>π</em></strong></span> <span class='ocrx_word' id='word_1_85' title='bbox 1254 827 1307 843; x_wconf 90' lang='lat'>=</span> <span class='ocrx_word' id='word_1_86' title='bbox 1341 819 1392 850; x_wconf 85' lang='lat' dir='ltr'><strong>w</strong></span> <span class='ocrx_word' id='word_1_87' title='bbox 1437 806 1451 848; x_wconf 90' lang='lat' dir='ltr'><strong>l</strong></span> <span class='ocrx_word' id='word_1_88' title='bbox 1502 808 1553 849; x_wconf 86' lang='lat'><strong>13</strong></span> <span class='ocrx_word' id='word_1_89' title='bbox 1590 818 1648 850; x_wconf 90' lang='lat' dir='ltr'><strong>ro</strong></span> <span class='ocrx_word' id='word_1_90' title='bbox 1685 806 1722 848; x_wconf 87' lang='grc' dir='ltr'><strong>ΙΙ</strong></span> <span class='ocrx_word' id='word_1_91' title='bbox 1763 808 1825 854; x_wconf 80' lang='lat' dir='ltr'><strong>ll:</strong></span> <span class='ocrx_word' id='word_1_92' title='bbox 1861 822 1965 849; x_wconf 86' lang='lat' dir='ltr'><strong>nam</strong></span> <span class='ocrx_word' id='word_1_93' title='bbox 1998 807 2044 849; x_wconf 91' lang='lat' dir='ltr'><strong>in</strong></span> <span class='ocrx_word' id='word_1_94' title='bbox 2077 807 2150 850; x_wconf 87' lang='lat' dir='ltr'><strong>Ph</strong></span> <span class='ocrx_word' id='word_1_95' title='bbox 2182 807 2278 850; x_wconf 88' lang='lat' dir='ltr'><strong>ovis</strong></span> <span class='ocrx_word' id='word_1_96' title='bbox 2310 812 2438 850; x_wconf 72' lang='lat' dir='ltr'><strong>‹eavet</strong></span> <span class='ocrx_word' id='word_1_97' title='bbox 2470 781 2666 855; x_wconf 56' lang='lat' dir='ltr'><strong>insidia-s,</strong></span> <span class='ocrx_word' id='word_1_98' title='bbox 2702 807 2747 849; x_wconf 91' lang='lat' dir='ltr'><strong>in</strong></span> <span class='ocrx_word' id='word_1_99' title='bbox 2789 820 2816 848; x_wconf 83' lang='grc' dir='ltr'><strong><em>π</em></strong></span> 
     </span>
     <span class='ocr_line' id='line_1_8' title="bbox 614 882 2809 939; baseline 0 -15"><span class='ocrx_word' id='word_1_100' title='bbox 614 888 744 939; x_wconf 70' lang='lat' dir='ltr'><strong>‹zapla</strong></span> <span class='ocrx_word' id='word_1_101' title='bbox 790 882 892 925; x_wconf 87' lang='lat' dir='ltr'><strong>dolo</strong></span> <span class='ocrx_word' id='word_1_102' title='bbox 937 883 1054 925; x_wconf 80' lang='lat' dir='ltr'><strong>malo</strong></span> <span class='ocrx_word' id='word_1_103' title='bbox 1093 882 1419 925; x_wconf 79' lang='lat' dir='ltr'><strong>fraudationem</strong></span> <span class='ocrx_word' id='word_1_104' title='bbox 1454 884 1630 939; x_wconf 85' lang='lat' dir='ltr'><strong>patitur.</strong></span> <span class='ocrx_word' id='word_1_105' title='bbox 1697 884 1854 926; x_wconf 86' lang='lat' dir='ltr'><strong>lnsunt</strong></span> <span class='ocrx_word' id='word_1_106' title='bbox 1886 890 2034 926; x_wconf 87' lang='lat' dir='ltr'><strong>tamen</strong></span> <span class='ocrx_word' id='word_1_107' title='bbox 2069 884 2115 926; x_wconf 90' lang='lat' dir='ltr'><strong>in</strong></span> <span class='ocrx_word' id='word_1_108' title='bbox 2148 884 2217 926; x_wconf 80' lang='lat' dir='ltr'><strong>liis</strong></span> <span class='ocrx_word' id='word_1_109' title='bbox 2250 884 2356 939; x_wconf 88' lang='lat' dir='ltr'><strong>ipsis</strong></span> <span class='ocrx_word' id='word_1_110' title='bbox 2390 883 2554 925; x_wconf 74' lang='lat' dir='ltr'><strong>fabulis</strong></span> <span class='ocrx_word' id='word_1_111' title='bbox 2587 882 2809 939; x_wconf 83' lang='lat' dir='ltr'><strong>quaedam</strong></span> 
     </span>
     <span class='ocr_line' id='line_1_9' title="bbox 614 957 2814 1017; baseline 0.001 -16"><span class='ocrx_word' id='word_1_112' title='bbox 614 958 919 1001; x_wconf 84' lang='lat' dir='ltr'><strong>Phaedrianae</strong></span> <span class='ocrx_word' id='word_1_113' title='bbox 952 959 1135 1014; x_wconf 87' lang='lat' dir='ltr'><strong>originis</strong></span> <span class='ocrx_word' id='word_1_114' title='bbox 1170 960 1367 1015; x_wconf 75' lang='lat' dir='ltr'><strong>vestigia,</strong></span> <span class='ocrx_word' id='word_1_115' title='bbox 1391 959 1476 1001; x_wconf 82' lang='lat' dir='ltr'><strong>alia</strong></span> <span class='ocrx_word' id='word_1_116' title='bbox 1499 957 1754 1002; x_wconf 83' lang='lat' dir='ltr'><strong>obseuriora</strong></span> <span class='ocrx_word' id='word_1_117' title='bbox 1776 960 1862 1003; x_wconf 87' lang='lat' dir='ltr'><strong>alia</strong></span> <span class='ocrx_word' id='word_1_118' title='bbox 1886 960 2027 1016; x_wconf 81' lang='lat' dir='ltr'><strong>magis</strong></span> <span class='ocrx_word' id='word_1_119' title='bbox 2049 975 2270 1017; x_wconf 85' lang='lat' dir='ltr'><strong>expressa.</strong></span> <span class='ocrx_word' id='word_1_120' title='bbox 2307 975 2410 1003; x_wconf 84' lang='lat' dir='ltr'><strong>nam</strong></span> <span class='ocrx_word' id='word_1_121' title='bbox 2434 966 2476 1003; x_wconf 90' lang='lat' dir='ltr'><strong>et</strong></span> <span class='ocrx_word' id='word_1_122' title='bbox 2516 959 2652 1003; x_wconf 85' lang='lat' dir='ltr'><strong>verba</strong></span> <span class='ocrx_word' id='word_1_123' title='bbox 2675 959 2814 1003; x_wconf 83' lang='lat' dir='ltr'><strong>Phae-</strong></span> 
     </span>
     <span class='ocr_line' id='line_1_10' title="bbox 613 1035 2813 1091; baseline 0.001 -14"><span class='ocrx_word' id='word_1_124' title='bbox 613 1035 678 1077; x_wconf 83' lang='lat' dir='ltr'><strong>dri</strong></span> <span class='ocrx_word' id='word_1_125' title='bbox 714 1036 936 1091; x_wconf 82' lang='lat' dir='ltr'><strong>quaedam</strong></span> <span class='ocrx_word' id='word_1_126' title='bbox 971 1036 1184 1078; x_wconf 79' lang='lat' dir='ltr'><strong>notabilia</strong></span> <span class='ocrx_word' id='word_1_127' title='bbox 1216 1037 1509 1079; x_wconf 88' lang='lat' dir='ltr'><strong>inveniuntur</strong></span> <span class='ocrx_word' id='word_1_128' title='bbox 1541 1037 1628 1079; x_wconf 70' lang='lat' dir='ltr'><strong>bue</strong></span> <span class='ocrx_word' id='word_1_129' title='bbox 1662 1038 1874 1080; x_wconf 84' lang='lat' dir='ltr'><strong>translata</strong></span> <span class='ocrx_word' id='word_1_130' title='bbox 1906 1062 1961 1068; x_wconf 92' lang='lat'>—</span> <span class='ocrx_word' id='word_1_131' title='bbox 1994 1037 2068 1080; x_wconf 86' lang='lat' dir='ltr'><strong>sed</strong></span> <span class='ocrx_word' id='word_1_132' title='bbox 2105 1037 2326 1080; x_wconf 86' lang='lat' dir='ltr'><strong>interdum</strong></span> <span class='ocrx_word' id='word_1_133' title='bbox 2362 1037 2537 1080; x_wconf 87' lang='lat' dir='ltr'><strong>diverso</strong></span> <span class='ocrx_word' id='word_1_134' title='bbox 2577 1036 2708 1080; x_wconf 85' lang='lat' dir='ltr'><strong>modo</strong></span> <span class='ocrx_word' id='word_1_135' title='bbox 2747 1053 2813 1079; x_wconf 76' lang='lat' dir='ltr'><strong>eo·</strong></span> 
     </span>
     <span class='ocr_line' id='line_1_11' title="bbox 615 1114 2814 1171; baseline 0 -15"><span class='ocrx_word' id='word_1_136' title='bbox 615 1129 741 1162; x_wconf 84' lang='lat' dir='ltr'><strong>nexa,</strong></span> <span class='ocrx_word' id='word_1_137' title='bbox 776 1114 894 1168; x_wconf 83' lang='lat' dir='ltr'><strong>quod</strong></span> <span class='ocrx_word' id='word_1_138' title='bbox 929 1115 1106 1169; x_wconf 81' lang='lat' dir='ltr'><strong>saepius</strong></span> <span class='ocrx_word' id='word_1_139' title='bbox 1142 1117 1187 1155; x_wconf 78' lang='lat' dir='ltr'><strong>tit</strong></span> <span class='ocrx_word' id='word_1_140' title='bbox 1222 1116 1263 1156; x_wconf 93' lang='lat' dir='ltr'><strong>in</strong></span> <span class='ocrx_word' id='word_1_141' title='bbox 1301 1130 1337 1157; x_wconf 85' lang='grc' dir='ltr'><strong>π.</strong></span> <span class='ocrx_word' id='word_1_142' title='bbox 1372 1116 1446 1170; x_wconf 74' lang='lat' dir='ltr'><strong>qui</strong></span> <span class='ocrx_word' id='word_1_143' title='bbox 1484 1116 1628 1157; x_wconf 83' lang='lat' dir='ltr'><strong>verbis</strong></span> <span class='ocrx_word' id='word_1_144' title='bbox 1665 1115 1851 1157; x_wconf 81' lang='lat' dir='ltr'><strong>Phaedri</strong></span> <span class='ocrx_word' id='word_1_145' title='bbox 1886 1116 2043 1158; x_wconf 88' lang='lat' dir='ltr'><strong>ludens</strong></span> <span class='ocrx_word' id='word_1_146' title='bbox 2076 1117 2201 1171; x_wconf 69' lang='lat' dir='ltr'><strong>quasi</strong></span> <span class='ocrx_word' id='word_1_147' title='bbox 2238 1115 2433 1165; x_wconf 65' lang='lat' dir='ltr'><strong>valvulis,</strong></span> <span class='ocrx_word' id='word_1_148' title='bbox 2467 1130 2519 1158; x_wconf 83' lang='lat' dir='ltr'><strong>ea</strong></span> <span class='ocrx_word' id='word_1_149' title='bbox 2551 1114 2654 1158; x_wconf 83' lang='lat' dir='ltr'><strong>alibi</strong></span> <span class='ocrx_word' id='word_1_150' title='bbox 2688 1114 2814 1157; x_wconf 81' lang='lat' dir='ltr'><strong>aliter</strong></span> 
     </span>
     <span class='ocr_line' id='line_1_12' title="bbox 612 1191 2812 1248; baseline 0 -16"><span class='ocrx_word' id='word_1_151' title='bbox 612 1191 847 1232; x_wconf 78' lang='lat' dir='ltr'><strong>eoniunxit</strong></span> <span class='ocrx_word' id='word_1_152' title='bbox 878 1197 921 1233; x_wconf 86' lang='lat' dir='ltr'><strong>et</strong></span> <span class='ocrx_word' id='word_1_153' title='bbox 952 1205 1083 1247; x_wconf 84' lang='lat' dir='ltr'><strong>saepe</strong></span> <span class='ocrx_word' id='word_1_154' title='bbox 1116 1191 1271 1232; x_wconf 85' lang='lat' dir='ltr'><strong>alienis</strong></span> <span class='ocrx_word' id='word_1_155' title='bbox 1307 1193 1409 1233; x_wconf 73' lang='lat' dir='ltr'><strong>loeis</strong></span> <span class='ocrx_word' id='word_1_156' title='bbox 1445 1193 1628 1234; x_wconf 80' lang='lat' dir='ltr'><strong>inseruit</strong></span> <span class='ocrx_word' id='word_1_157' title='bbox 1660 1217 1717 1222; x_wconf 89' lang='lat'><strong>——</strong></span> <span class='ocrx_word' id='word_1_158' title='bbox 1747 1197 1789 1234; x_wconf 86' lang='lat' dir='ltr'><strong>et</strong></span> <span class='ocrx_word' id='word_1_159' title='bbox 1817 1192 2061 1234; x_wconf 85' lang='lat' dir='ltr'><strong>sententiae</strong></span> <span class='ocrx_word' id='word_1_160' title='bbox 2086 1192 2184 1248; x_wconf 78' lang='lat' dir='ltr'><strong>plus</strong></span> <span class='ocrx_word' id='word_1_161' title='bbox 2209 1192 2413 1234; x_wconf 84' lang='lat' dir='ltr'><strong>minusve</strong></span> <span class='ocrx_word' id='word_1_162' title='bbox 2438 1196 2634 1234; x_wconf 82' lang='lat' dir='ltr'><strong>mutatae</strong></span> <span class='ocrx_word' id='word_1_163' title='bbox 2659 1196 2812 1234; x_wconf 86' lang='lat' dir='ltr'><strong>tamen</strong></span> 
     </span>
     <span class='ocr_line' id='line_1_13' title="bbox 612 1267 2814 1325; baseline 0.001 -17"><span class='ocrx_word' id='word_1_164' title='bbox 612 1282 666 1309; x_wconf 85' lang='lat' dir='ltr'><strong>ex</strong></span> <span class='ocrx_word' id='word_1_165' title='bbox 718 1268 918 1309; x_wconf 82' lang='lat' dir='ltr'><strong>Phaedro</strong></span> <span class='ocrx_word' id='word_1_166' title='bbox 965 1268 1159 1324; x_wconf 77' lang='lat' dir='ltr'><strong>quodam</strong></span> <span class='ocrx_word' id='word_1_167' title='bbox 1198 1268 1330 1311; x_wconf 88' lang='lat' dir='ltr'><strong>modo</strong></span> <span class='ocrx_word' id='word_1_168' title='bbox 1363 1274 1464 1311; x_wconf 86' lang='lat' dir='ltr'><strong>sunt</strong></span> <span class='ocrx_word' id='word_1_169' title='bbox 1499 1273 1640 1325; x_wconf 88' lang='lat' dir='ltr'><strong>aptae.</strong></span> <span class='ocrx_word' id='word_1_170' title='bbox 1690 1268 1883 1324; x_wconf 73' lang='lat' dir='ltr'><strong>(lenique</strong></span> <span class='ocrx_word' id='word_1_171' title='bbox 1916 1269 1999 1311; x_wconf 84' lang='lat' dir='ltr'><strong>bae</strong></span> <span class='ocrx_word' id='word_1_172' title='bbox 2035 1268 2209 1311; x_wconf 78' lang='lat' dir='ltr'><strong>fabulae</strong></span> <span class='ocrx_word' id='word_1_173' title='bbox 2242 1268 2287 1310; x_wconf 89' lang='lat' dir='ltr'><strong>in</strong></span> <span class='ocrx_word' id='word_1_174' title='bbox 2321 1268 2482 1311; x_wconf 76' lang='lat' dir='ltr'><strong>litteris</strong></span> <span class='ocrx_word' id='word_1_175' title='bbox 2516 1267 2663 1311; x_wconf 89' lang='lat' dir='ltr'><strong>latinis</strong></span> <span class='ocrx_word' id='word_1_176' title='bbox 2695 1282 2814 1323; x_wconf 83' lang='lat' dir='ltr'><strong>grae-</strong></span> 
     </span>
     <span class='ocr_line' id='line_1_14' title="bbox 612 1344 2811 1401; baseline 0.001 -15"><span class='ocrx_word' id='word_1_177' title='bbox 612 1345 765 1400; x_wconf 68' lang='lat' dir='ltr'><strong>cisque</strong></span> <span class='ocrx_word' id='word_1_178' title='bbox 799 1359 887 1386; x_wconf 94' lang='lat' dir='ltr'><strong>non</strong></span> <span class='ocrx_word' id='word_1_179' title='bbox 921 1349 1086 1392; x_wconf 74' lang='lat' dir='ltr'><strong>extant,</strong></span> <span class='ocrx_word' id='word_1_180' title='bbox 1121 1345 1240 1400; x_wconf 73' lang='lat' dir='ltr'><strong>quod</strong></span> <span class='ocrx_word' id='word_1_181' title='bbox 1275 1346 1425 1391; x_wconf 71' lang='lat' dir='ltr'><strong>seiam,</strong></span> <span class='ocrx_word' id='word_1_182' title='bbox 1463 1352 1634 1401; x_wconf 85' lang='lat' dir='ltr'><strong>praeter</strong></span> <span class='ocrx_word' id='word_1_183' title='bbox 1669 1345 1919 1388; x_wconf 82' lang='lat' dir='ltr'><strong>l‘baedrum</strong></span> <span class='ocrx_word' id='word_1_184' title='bbox 1954 1352 1996 1388; x_wconf 90' lang='lat' dir='ltr'><strong>et</strong></span> <span class='ocrx_word' id='word_1_185' title='bbox 2030 1360 2066 1389; x_wconf 81' lang='grc' dir='ltr'><strong>π.</strong></span> <span class='ocrx_word' id='word_1_186' title='bbox 2101 1351 2144 1388; x_wconf 83' lang='lat' dir='ltr'><strong>et</strong></span> <span class='ocrx_word' id='word_1_187' title='bbox 2175 1361 2200 1388; x_wconf 84' lang='lat' dir='ltr'><strong>a</strong></span> <span class='ocrx_word' id='word_1_188' title='bbox 2238 1344 2435 1388; x_wconf 80' lang='lat' dir='ltr'><strong>Phaedro</strong></span> <span class='ocrx_word' id='word_1_189' title='bbox 2470 1344 2680 1388; x_wconf 89' lang='lat' dir='ltr'><strong>videntur</strong></span> <span class='ocrx_word' id='word_1_190' title='bbox 2717 1360 2811 1388; x_wconf 81' lang='lat' dir='ltr'><strong>esse</strong></span> 
     </span>
     <span class='ocr_line' id='line_1_15' title="bbox 612 1408 2812 1478; baseline 0 -15"><span class='ocrx_word' id='word_1_191' title='bbox 612 1422 833 1464; x_wconf 80' lang='lat' dir='ltr'><strong>inventae.</strong></span> <span class='ocrx_word' id='word_1_192' title='bbox 883 1436 998 1477; x_wconf 80' lang='lat' dir='ltr'><strong>quae</strong></span> <span class='ocrx_word' id='word_1_193' title='bbox 1032 1421 1188 1478; x_wconf 85' lang='lat' dir='ltr'><strong>plenae</strong></span> <span class='ocrx_word' id='word_1_194' title='bbox 1221 1428 1324 1464; x_wconf 79' lang='lat' dir='ltr'><strong>sunt</strong></span> <span class='ocrx_word' id='word_1_195' title='bbox 1362 1423 1614 1465; x_wconf 63' lang='lat' dir='ltr'><strong>acerbitatis</strong></span> <span class='ocrx_word' id='word_1_196' title='bbox 1648 1422 1763 1464; x_wconf 82' lang='lat' dir='ltr'><strong>illius</strong></span> <span class='ocrx_word' id='word_1_197' title='bbox 1801 1422 2101 1465; x_wconf 83' lang='lat' dir='ltr'><strong>Phaedrianae</strong></span> <span class='ocrx_word' id='word_1_198' title='bbox 2134 1427 2175 1466; x_wconf 85' lang='lat' dir='ltr'><strong>et</strong></span> <span class='ocrx_word' id='word_1_199' title='bbox 2210 1422 2321 1466; x_wconf 81' lang='lat' dir='ltr'><strong>inira</strong></span> <span class='ocrx_word' id='word_1_200' title='bbox 2353 1437 2505 1465; x_wconf 87' lang='lat' dir='ltr'><strong>earum</strong></span> <span class='ocrx_word' id='word_1_201' title='bbox 2540 1408 2812 1478; x_wconf 71' lang='lat' dir='ltr'><strong>argumenta</strong></span> 
     </span>
     <span class='ocr_line' id='line_1_16' title="bbox 613 1499 2812 1555; baseline 0 -15"><span class='ocrx_word' id='word_1_202' title='bbox 613 1499 717 1540; x_wconf 87' lang='lat' dir='ltr'><strong>talia</strong></span> <span class='ocrx_word' id='word_1_203' title='bbox 763 1504 869 1540; x_wconf 85' lang='lat' dir='ltr'><strong>sunt</strong></span> <span class='ocrx_word' id='word_1_204' title='bbox 915 1499 1066 1554; x_wconf 81' lang='lat' dir='ltr'><strong>qualia</strong></span> <span class='ocrx_word' id='word_1_205' title='bbox 1112 1500 1290 1555; x_wconf 86' lang='lat' dir='ltr'><strong>saepius</strong></span> <span class='ocrx_word' id='word_1_206' title='bbox 1338 1500 1455 1555; x_wconf 82' lang='lat' dir='ltr'><strong>apud</strong></span> <span class='ocrx_word' id='word_1_207' title='bbox 1509 1500 1760 1541; x_wconf 81' lang='lat' dir='ltr'><strong>Phaedrum</strong></span> <span class='ocrx_word' id='word_1_208' title='bbox 1795 1515 1931 1555; x_wconf 80' lang='lat' dir='ltr'><strong>quain</strong></span> <span class='ocrx_word' id='word_1_209' title='bbox 1966 1501 2079 1542; x_wconf 88' lang='lat' dir='ltr'><strong>inter</strong></span> <span class='ocrx_word' id='word_1_210' title='bbox 2113 1500 2287 1542; x_wconf 77' lang='lat' dir='ltr'><strong>fabulas</strong></span> <span class='ocrx_word' id='word_1_211' title='bbox 2322 1499 2544 1555; x_wconf 64' lang='lat' dir='ltr'><strong>Aesopeas</strong></span> <span class='ocrx_word' id='word_1_212' title='bbox 2578 1499 2812 1548; x_wconf 78' lang='lat' dir='ltr'><strong>invenias;</strong></span> 
     </span>
     <span class='ocr_line' id='line_1_17' title="bbox 611 1575 2814 1632; baseline 0.001 -17"><span class='ocrx_word' id='word_1_213' title='bbox 611 1575 730 1630; x_wconf 83' lang='lat' dir='ltr'><strong>quod</strong></span> <span class='ocrx_word' id='word_1_214' title='bbox 781 1575 860 1617; x_wconf 87' lang='lat' dir='ltr'><strong>bas</strong></span> <span class='ocrx_word' id='word_1_215' title='bbox 910 1576 1081 1617; x_wconf 75' lang='lat' dir='ltr'><strong>fabulas</strong></span> <span class='ocrx_word' id='word_1_216' title='bbox 1123 1592 1397 1631; x_wconf 81' lang='lat' dir='ltr'><strong>‹·omp‹›nens</strong></span> <span class='ocrx_word' id='word_1_217' title='bbox 1435 1577 1660 1618; x_wconf 66' lang='lat' dir='ltr'><strong>Phaedrus</strong></span> <span class='ocrx_word' id='word_1_218' title='bbox 1693 1577 1800 1632; x_wconf 78' lang='lat' dir='ltr'><strong>quid</strong></span> <span class='ocrx_word' id='word_1_219' title='bbox 1837 1578 2066 1618; x_wconf 70' lang='lat' dir='ltr'><strong>interesset</strong></span> <span class='ocrx_word' id='word_1_220' title='bbox 2101 1577 2213 1618; x_wconf 87' lang='lat' dir='ltr'><strong>inter</strong></span> <span class='ocrx_word' id='word_1_221' title='bbox 2246 1577 2489 1618; x_wconf 77' lang='lat' dir='ltr'><strong>bestiarum</strong></span> <span class='ocrx_word' id='word_1_222' title='bbox 2528 1581 2734 1617; x_wconf 80' lang='lat' dir='ltr'><strong>naturam</strong></span> <span class='ocrx_word' id='word_1_223' title='bbox 2771 1580 2814 1618; x_wconf 88' lang='lat' dir='ltr'><strong>et</strong></span> 
     </span>
     <span class='ocr_line' id='line_1_18' title="bbox 612 1652 2803 1709; baseline 0 -15"><span class='ocrx_word' id='word_1_224' title='bbox 612 1652 846 1694; x_wconf 88' lang='lat' dir='ltr'><strong>hominum</strong></span> <span class='ocrx_word' id='word_1_225' title='bbox 884 1667 971 1694; x_wconf 89' lang='lat' dir='ltr'><strong>non</strong></span> <span class='ocrx_word' id='word_1_226' title='bbox 1006 1667 1167 1695; x_wconf 65' lang='lat' dir='ltr'><strong>curans</strong></span> <span class='ocrx_word' id='word_1_227' title='bbox 1200 1653 1463 1695; x_wconf 86' lang='lat' dir='ltr'><strong>animalium</strong></span> <span class='ocrx_word' id='word_1_228' title='bbox 1499 1659 1645 1709; x_wconf 69' lang='lat' dir='ltr'><strong>partes</strong></span> <span class='ocrx_word' id='word_1_229' title='bbox 1679 1654 1738 1695; x_wconf 83' lang='lat' dir='ltr'><strong>ita</strong></span> <span class='ocrx_word' id='word_1_230' title='bbox 1771 1659 1927 1695; x_wconf 66' lang='lat' dir='ltr'><strong>tractat</strong></span> <span class='ocrx_word' id='word_1_231' title='bbox 1962 1659 2008 1695; x_wconf 89' lang='lat' dir='ltr'><strong>ut</strong></span> <span class='ocrx_word' id='word_1_232' title='bbox 2041 1654 2129 1695; x_wconf 72' lang='lat' dir='ltr'><strong>sint</strong></span> <span class='ocrx_word' id='word_1_233' title='bbox 2163 1653 2270 1695; x_wconf 73' lang='lat' dir='ltr'><strong>nillil</strong></span> <span class='ocrx_word' id='word_1_234' title='bbox 2306 1652 2426 1695; x_wconf 88' lang='lat' dir='ltr'><strong>aliud</strong></span> <span class='ocrx_word' id='word_1_235' title='bbox 2463 1653 2544 1694; x_wconf 69' lang='lat' dir='ltr'><strong>nisi</strong></span> <span class='ocrx_word' id='word_1_236' title='bbox 2569 1652 2803 1695; x_wconf 85' lang='lat' dir='ltr'><strong>bominum</strong></span> 
     </span>
     <span class='ocr_line' id='line_1_19' title="bbox 614 1728 2811 1786; baseline 0 -16"><span class='ocrx_word' id='word_1_237' title='bbox 614 1735 966 1785; x_wconf 85' lang='lat' dir='ltr'><strong>personatorum.</strong></span> <span class='ocrx_word' id='word_1_238' title='bbox 992 1730 1119 1772; x_wconf 82' lang='lat' dir='ltr'><strong>euius</strong></span> <span class='ocrx_word' id='word_1_239' title='bbox 1141 1731 1316 1785; x_wconf 68' lang='lat' dir='ltr'><strong>generis</strong></span> <span class='ocrx_word' id='word_1_240' title='bbox 1339 1736 1401 1772; x_wconf 66' lang='lat' dir='ltr'><strong>est</strong></span> <span class='ocrx_word' id='word_1_241' title='bbox 1426 1731 1557 1772; x_wconf 85' lang='lat' dir='ltr'><strong>etiam</strong></span> <span class='ocrx_word' id='word_1_242' title='bbox 1586 1730 1736 1773; x_wconf 81' lang='lat' dir='ltr'><strong>fabula</strong></span> <span class='ocrx_word' id='word_1_243' title='bbox 1760 1730 1832 1772; x_wconf 84' lang='lat' dir='ltr'><strong>illa</strong></span> <span class='ocrx_word' id='word_1_244' title='bbox 1857 1731 1965 1773; x_wconf 86' lang='lat' dir='ltr'><strong>mira</strong></span> <span class='ocrx_word' id='word_1_245' title='bbox 1989 1736 2031 1773; x_wconf 82' lang='lat' dir='ltr'><strong>et</strong></span> <span class='ocrx_word' id='word_1_246' title='bbox 2056 1736 2342 1786; x_wconf 77' lang='lat' dir='ltr'><strong>portentuosa</strong></span> <span class='ocrx_word' id='word_1_247' title='bbox 2370 1730 2447 1772; x_wconf 80' lang='lat' dir='ltr'><strong>Ph.</strong></span> <span class='ocrx_word' id='word_1_248' title='bbox 2473 1729 2485 1771; x_wconf 94' lang='lat' dir='ltr'><strong>l</strong></span> <span class='ocrx_word' id='word_1_249' title='bbox 2508 1730 2560 1771; x_wconf 60' lang='grc' dir='ltr'><strong>Ξῖ</strong></span> <span class='ocrx_word' id='word_1_250' title='bbox 2581 1744 2671 1785; x_wconf 76' lang='lat' dir='ltr'><strong>qua</strong></span> <span class='ocrx_word' id='word_1_251' title='bbox 2687 1728 2811 1771; x_wconf 82' lang='lat' dir='ltr'><strong>eanis</strong></span> 
     </span>
     <span class='ocr_line' id='line_1_20' title="bbox 611 1807 2811 1864; baseline -0 -15"><span class='ocrx_word' id='word_1_252' title='bbox 611 1822 774 1849; x_wconf 83' lang='lat' dir='ltr'><strong>avarus</strong></span> <span class='ocrx_word' id='word_1_253' title='bbox 806 1822 916 1849; x_wconf 82' lang='lat' dir='ltr'><strong>auro</strong></span> <span class='ocrx_word' id='word_1_254' title='bbox 949 1807 1132 1851; x_wconf 82' lang='lat' dir='ltr'><strong>invento</strong></span> <span class='ocrx_word' id='word_1_255' title='bbox 1167 1809 1416 1850; x_wconf 86' lang='lat' dir='ltr'><strong>innnoritur</strong></span> <span class='ocrx_word' id='word_1_256' title='bbox 1449 1814 1490 1851; x_wconf 88' lang='lat' dir='ltr'><strong>et</strong></span> <span class='ocrx_word' id='word_1_257' title='bbox 1526 1809 1745 1851; x_wconf 71' lang='lat' dir='ltr'><strong>vulturius</strong></span> <span class='ocrx_word' id='word_1_258' title='bbox 1779 1808 1929 1851; x_wconf 85' lang='lat' dir='ltr'><strong>sordes</strong></span> <span class='ocrx_word' id='word_1_259' title='bbox 1964 1808 2080 1850; x_wconf 72' lang='lat' dir='ltr'><strong>illius</strong></span> <span class='ocrx_word' id='word_1_260' title='bbox 2113 1807 2495 1864; x_wconf 70' lang='lat' dir='ltr'><strong>cupiditatemque</strong></span> <span class='ocrx_word' id='word_1_261' title='bbox 2522 1822 2644 1860; x_wconf 84' lang='lat' dir='ltr'><strong>more</strong></span> <span class='ocrx_word' id='word_1_262' title='bbox 2667 1807 2811 1862; x_wconf 80' lang='lat' dir='ltr'><strong>eyniei</strong></span> 
     </span>
     <span class='ocr_line' id='line_1_21' title="bbox 612 1884 2809 1939; baseline 0 -12"><span class='ocrx_word' id='word_1_263' title='bbox 612 1884 922 1927; x_wconf 72' lang='lat' dir='ltr'><strong>declamatoris</strong></span> <span class='ocrx_word' id='word_1_264' title='bbox 971 1885 1223 1928; x_wconf 66' lang='lat' dir='ltr'><strong>insectatur.</strong></span> <span class='ocrx_word' id='word_1_265' title='bbox 1267 1901 1318 1927; x_wconf 67' lang='lat' dir='ltr'><strong>ex</strong></span> <span class='ocrx_word' id='word_1_266' title='bbox 1353 1885 1507 1929; x_wconf 87' lang='lat' dir='ltr'><strong>eodem</strong></span> <span class='ocrx_word' id='word_1_267' title='bbox 1545 1901 1732 1928; x_wconf 71' lang='lat' dir='ltr'><strong>numero</strong></span> <span class='ocrx_word' id='word_1_268' title='bbox 1765 1893 1866 1928; x_wconf 76' lang='lat' dir='ltr'><strong>sunt</strong></span> <span class='ocrx_word' id='word_1_269' title='bbox 1906 1885 2089 1928; x_wconf 81' lang='lat' dir='ltr'><strong>Phaedri</strong></span> <span class='ocrx_word' id='word_1_270' title='bbox 2130 1885 2161 1927; x_wconf 96' lang='lat' dir='ltr'><strong>ll</strong></span> <span class='ocrx_word' id='word_1_271' title='bbox 2207 1888 2250 1932; x_wconf 77' lang='lat' dir='ltr'><strong>l:</strong></span> <span class='ocrx_word' id='word_1_272' title='bbox 2290 1885 2347 1927; x_wconf 85' lang='grc' dir='ltr'><strong>ΙΙΙ</strong></span> <span class='ocrx_word' id='word_1_273' title='bbox 2391 1887 2456 1929; x_wconf 73' lang='lat'><strong>15:</strong></span> <span class='ocrx_word' id='word_1_274' title='bbox 2494 1885 2553 1928; x_wconf 77' lang='lat' dir='ltr'><strong>lv</strong></span> <span class='ocrx_word' id='word_1_275' title='bbox 2589 1888 2656 1930; x_wconf 75' lang='grc'><strong>21),</strong></span> <span class='ocrx_word' id='word_1_276' title='bbox 2691 1899 2809 1939; x_wconf 77' lang='lat' dir='ltr'><strong>quae</strong></span> 
     </span>
     <span class='ocr_line' id='line_1_22' title="bbox 610 1961 1898 2018; baseline 0.002 -15"><span class='ocrx_word' id='word_1_277' title='bbox 610 1961 730 2016; x_wconf 83' lang='lat' dir='ltr'><strong>apud</strong></span> <span class='ocrx_word' id='word_1_278' title='bbox 764 1962 873 2004; x_wconf 84' lang='lat' dir='ltr'><strong>alios</strong></span> <span class='ocrx_word' id='word_1_279' title='bbox 909 1962 1161 2004; x_wconf 81' lang='lat' dir='ltr'><strong>l‘abularmn</strong></span> <span class='ocrx_word' id='word_1_280' title='bbox 1198 1963 1432 2018; x_wconf 83' lang='lat' dir='ltr'><strong>s‹·riptores</strong></span> <span class='ocrx_word' id='word_1_281' title='bbox 1468 1977 1555 2004; x_wconf 90' lang='lat' dir='ltr'><strong>non</strong></span> <span class='ocrx_word' id='word_1_282' title='bbox 1593 1963 1898 2006; x_wconf 88' lang='lat' dir='ltr'><strong>inveniuntur.</strong></span> 
     </span>
    </p>

    <p class='ocr_par' dir='ltr' id='par_1_3' title="bbox 608 2037 2813 2857">
     <span class='ocr_line' id='line_1_23' title="bbox 757 2037 2812 2095; baseline -0 -15"><span class='ocrx_word' id='word_1_283' title='bbox 757 2038 804 2080; x_wconf 88' lang='lat' dir='ltr'><strong>ln</strong></span> <span class='ocrx_word' id='word_1_284' title='bbox 855 2038 1004 2081; x_wconf 82' lang='lat' dir='ltr'><strong>fabula</strong></span> <span class='ocrx_word' id='word_1_285' title='bbox 1053 2038 1116 2082; x_wconf 85' lang='lat' dir='ltr'><strong>de</strong></span> <span class='ocrx_word' id='word_1_286' title='bbox 1165 2039 1296 2095; x_wconf 88' lang='lat' dir='ltr'><strong>lupo</strong></span> <span class='ocrx_word' id='word_1_287' title='bbox 1344 2044 1395 2082; x_wconf 87' lang='lat' dir='ltr'><strong>et</strong></span> <span class='ocrx_word' id='word_1_288' title='bbox 1426 2054 1569 2095; x_wconf 74' lang='lat' dir='ltr'><strong>agno</strong></span> <span class='ocrx_word' id='word_1_289' title='bbox 1601 2039 1721 2095; x_wconf 84' lang='lat' dir='ltr'><strong>apud</strong></span> <span class='ocrx_word' id='word_1_290' title='bbox 1760 2038 2011 2082; x_wconf 79' lang='lat' dir='ltr'><strong>Phaedrum</strong></span> <span class='ocrx_word' id='word_1_291' title='bbox 2046 2039 2075 2081; x_wconf 86' lang='grc' dir='ltr'><strong>Ι.</strong></span> <span class='ocrx_word' id='word_1_292' title='bbox 2118 2041 2128 2081; x_wconf 92' lang='lat' dir='ltr'><strong>l</strong></span> <span class='ocrx_word' id='word_1_293' title='bbox 2171 2039 2302 2095; x_wconf 74' lang='lat' dir='ltr'><strong>lupus</strong></span> <span class='ocrx_word' id='word_1_294' title='bbox 2335 2053 2503 2094; x_wconf 79' lang='lat' dir='ltr'><strong>agnum</strong></span> <span class='ocrx_word' id='word_1_295' title='bbox 2537 2037 2647 2080; x_wconf 80' lang='lat' dir='ltr'><strong>dieit</strong></span> <span class='ocrx_word' id='word_1_296' title='bbox 2684 2038 2812 2079; x_wconf 80' lang='lat' dir='ltr'><strong>male-</strong></span> 
     </span>
     <span class='ocr_line' id='line_1_24' title="bbox 611 2115 2807 2171; baseline -0 -14"><span class='ocrx_word' id='word_1_297' title='bbox 611 2115 777 2158; x_wconf 76' lang='lat' dir='ltr'><strong>dixisse</strong></span> <span class='ocrx_word' id='word_1_298' title='bbox 824 2116 906 2158; x_wconf 74' lang='lat' dir='ltr'><strong>sibi</strong></span> <span class='ocrx_word' id='word_1_299' title='bbox 956 2122 1058 2159; x_wconf 82' lang='lat' dir='ltr'><strong>ante</strong></span> <span class='ocrx_word' id='word_1_300' title='bbox 1107 2133 1181 2159; x_wconf 82' lang='lat' dir='ltr'><strong>sex</strong></span> <span class='ocrx_word' id='word_1_301' title='bbox 1234 2132 1418 2160; x_wconf 82' lang='lat' dir='ltr'><strong>menses.</strong></span> <span class='ocrx_word' id='word_1_302' title='bbox 1458 2116 1513 2159; x_wconf 84' lang='lat' dir='ltr'><strong>ad</strong></span> <span class='ocrx_word' id='word_1_303' title='bbox 1549 2116 1668 2170; x_wconf 74' lang='lat' dir='ltr'><strong>quod</strong></span> <span class='ocrx_word' id='word_1_304' title='bbox 1706 2115 1999 2171; x_wconf 79' lang='lat' dir='ltr'><strong>respondente</strong></span> <span class='ocrx_word' id='word_1_305' title='bbox 2032 2132 2148 2170; x_wconf 74' lang='lat' dir='ltr'><strong>agno</strong></span> <span class='ocrx_word' id='word_1_306' title='bbox 2181 2132 2226 2157; x_wconf 78' lang='lat' dir='ltr'><strong>se</strong></span> <span class='ocrx_word' id='word_1_307' title='bbox 2261 2123 2366 2157; x_wconf 81' lang='lat' dir='ltr'><strong>tune</strong></span> <span class='ocrx_word' id='word_1_308' title='bbox 2402 2122 2556 2169; x_wconf 74' lang='lat' dir='ltr'><strong>natmu</strong></span> <span class='ocrx_word' id='word_1_309' title='bbox 2591 2129 2678 2156; x_wconf 89' lang='lat' dir='ltr'><strong>non</strong></span> <span class='ocrx_word' id='word_1_310' title='bbox 2713 2129 2807 2156; x_wconf 72' lang='lat' dir='ltr'><strong>esse</strong></span> 
     </span>
     <span class='ocr_line' id='line_1_25' title="bbox 611 2179 2805 2248; baseline -0.001 -13"><span class='ocrx_word' id='word_1_311' title='bbox 611 2192 744 2247; x_wconf 90' lang='lat' dir='ltr'><strong>lupus</strong></span> <span class='ocrx_word' id='word_1_312' title='bbox 793 2198 964 2248; x_wconf 85' lang='lat' dir='ltr'><strong>patrem</strong></span> <span class='ocrx_word' id='word_1_313' title='bbox 1013 2193 1115 2247; x_wconf 79' lang='lat' dir='ltr'><strong>agni</strong></span> <span class='ocrx_word' id='word_1_314' title='bbox 1167 2192 1282 2235; x_wconf 76' lang='lat' dir='ltr'><strong>idem</strong></span> <span class='ocrx_word' id='word_1_315' title='bbox 1333 2202 1523 2236; x_wconf 65' lang='lat' dir='ltr'><strong>aecus-at.</strong></span> <span class='ocrx_word' id='word_1_316' title='bbox 1574 2194 1616 2234; x_wconf 88' lang='lat' dir='ltr'><strong>in</strong></span> <span class='ocrx_word' id='word_1_317' title='bbox 1652 2208 1677 2233; x_wconf 81' lang='grc' dir='ltr'><strong><em>π</em></strong></span> <span class='ocrx_word' id='word_1_318' title='bbox 1709 2199 1858 2235; x_wconf 84' lang='lat' dir='ltr'><strong>autem</strong></span> <span class='ocrx_word' id='word_1_319' title='bbox 1893 2194 1917 2234; x_wconf 91' lang='lat' dir='ltr'><strong>i.</strong></span> <span class='ocrx_word' id='word_1_320' title='bbox 1954 2209 1988 2234; x_wconf 83' lang='lat' dir='ltr'><strong>e.</strong></span> <span class='ocrx_word' id='word_1_321' title='bbox 2024 2205 2074 2235; x_wconf 83' lang='lat' dir='ltr'><strong>w</strong></span> <span class='ocrx_word' id='word_1_322' title='bbox 2112 2193 2123 2233; x_wconf 95' lang='lat' dir='ltr'><strong>l</strong></span> <span class='ocrx_word' id='word_1_323' title='bbox 2167 2195 2177 2233; x_wconf 94' lang='grc'>1</span> <span class='ocrx_word' id='word_1_324' title='bbox 2218 2204 2276 2235; x_wconf 90' lang='lat' dir='ltr'><strong>ro</strong></span> <span class='ocrx_word' id='word_1_325' title='bbox 2313 2192 2326 2233; x_wconf 91' lang='lat' dir='ltr'><strong>l</strong></span> <span class='ocrx_word' id='word_1_326' title='bbox 2361 2195 2387 2233; x_wconf 74' lang='lat'><strong>:2</strong></span> <span class='ocrx_word' id='word_1_327' title='bbox 2421 2179 2638 2247; x_wconf 66' lang='lat' dir='ltr'><strong>prineipio</strong></span> <span class='ocrx_word' id='word_1_328' title='bbox 2672 2191 2805 2245; x_wconf 86' lang='lat' dir='ltr'><strong>lupus</strong></span> 
     </span>
     <span class='ocr_line' id='line_1_26' title="bbox 610 2267 2813 2325; baseline -0.001 -14"><span class='ocrx_word' id='word_1_329' title='bbox 610 2284 727 2324; x_wconf 81' lang='lat' dir='ltr'><strong>agno</strong></span> <span class='ocrx_word' id='word_1_330' title='bbox 760 2268 866 2311; x_wconf 80' lang='lat' dir='ltr'><strong>dieit</strong></span> <span class='ocrx_word' id='word_1_331' title='bbox 899 2268 1022 2311; x_wconf 88' lang='lat' dir='ltr'><strong>illum</strong></span> <span class='ocrx_word' id='word_1_332' title='bbox 1058 2269 1139 2311; x_wconf 81' lang='lat' dir='ltr'><strong>sibi</strong></span> <span class='ocrx_word' id='word_1_333' title='bbox 1177 2284 1294 2311; x_wconf 81' lang='lat' dir='ltr'><strong>num·</strong></span> <span class='ocrx_word' id='word_1_334' title='bbox 1330 2270 1603 2316; x_wconf 63' lang='lat' dir='ltr'><strong>maledicere,</strong></span> <span class='ocrx_word' id='word_1_335' title='bbox 1639 2285 1728 2325; x_wconf 77' lang='lat' dir='ltr'><strong>qno</strong></span> <span class='ocrx_word' id='word_1_336' title='bbox 1762 2270 1947 2312; x_wconf 64' lang='lat' dir='ltr'><strong>erimine</strong></span> <span class='ocrx_word' id='word_1_337' title='bbox 1979 2270 2035 2312; x_wconf 89' lang='lat' dir='ltr'><strong>ab</strong></span> <span class='ocrx_word' id='word_1_338' title='bbox 2067 2285 2183 2323; x_wconf 71' lang='lat' dir='ltr'><strong>agno</strong></span> <span class='ocrx_word' id='word_1_339' title='bbox 2218 2269 2393 2325; x_wconf 81' lang='lat' dir='ltr'><strong>repulso</strong></span> <span class='ocrx_word' id='word_1_340' title='bbox 2424 2268 2558 2324; x_wconf 91' lang='lat' dir='ltr'><strong>lupus</strong></span> <span class='ocrx_word' id='word_1_341' title='bbox 2581 2267 2687 2309; x_wconf 80' lang='lat' dir='ltr'><strong>dieit</strong></span> <span class='ocrx_word' id='word_1_342' title='bbox 2709 2282 2813 2322; x_wconf 76' lang='lat' dir='ltr'><strong>ergo</strong></span> 
     </span>
     <span class='ocr_line' id='line_1_27' title="bbox 612 2337 2807 2403; baseline -0.001 -14"><span class='ocrx_word' id='word_1_343' title='bbox 612 2353 781 2403; x_wconf 87' lang='lat' dir='ltr'><strong>patrem</strong></span> <span class='ocrx_word' id='word_1_344' title='bbox 832 2347 934 2401; x_wconf 86' lang='lat' dir='ltr'><strong>agni</strong></span> <span class='ocrx_word' id='word_1_345' title='bbox 981 2347 1062 2389; x_wconf 87' lang='lat' dir='ltr'><strong>sibi</strong></span> <span class='ocrx_word' id='word_1_346' title='bbox 1112 2353 1215 2389; x_wconf 85' lang='lat' dir='ltr'><strong>ante</strong></span> <span class='ocrx_word' id='word_1_347' title='bbox 1263 2363 1338 2389; x_wconf 78' lang='lat' dir='ltr'><strong>sex</strong></span> <span class='ocrx_word' id='word_1_348' title='bbox 1376 2363 1550 2390; x_wconf 83' lang='lat' dir='ltr'><strong>menses</strong></span> <span class='ocrx_word' id='word_1_349' title='bbox 1586 2347 1879 2392; x_wconf 68' lang='lat' dir='ltr'><strong>maledixisse,</strong></span> <span class='ocrx_word' id='word_1_350' title='bbox 1913 2346 1968 2389; x_wconf 82' lang='lat' dir='ltr'><strong>ad</strong></span> <span class='ocrx_word' id='word_1_351' title='bbox 2002 2347 2121 2402; x_wconf 74' lang='lat' dir='ltr'><strong>quod</strong></span> <span class='ocrx_word' id='word_1_352' title='bbox 2158 2337 2452 2402; x_wconf 72' lang='lat' dir='ltr'><strong>respondente</strong></span> <span class='ocrx_word' id='word_1_353' title='bbox 2484 2360 2601 2400; x_wconf 78' lang='lat' dir='ltr'><strong>agno</strong></span> <span class='ocrx_word' id='word_1_354' title='bbox 2634 2361 2679 2387; x_wconf 69' lang='lat' dir='ltr'><strong>se</strong></span> <span class='ocrx_word' id='word_1_355' title='bbox 2714 2352 2807 2386; x_wconf 81' lang='lat' dir='ltr'><strong>tun]</strong></span> 
     </span>
     <span class='ocr_line' id='line_1_28' title="bbox 611 2423 2813 2480; baseline -0.001 -15"><span class='ocrx_word' id='word_1_356' title='bbox 611 2424 811 2465; x_wconf 89' lang='lat' dir='ltr'><strong>nondum</strong></span> <span class='ocrx_word' id='word_1_357' title='bbox 847 2439 941 2466; x_wconf 81' lang='lat' dir='ltr'><strong>esse</strong></span> <span class='ocrx_word' id='word_1_358' title='bbox 975 2430 1143 2466; x_wconf 86' lang='lat' dir='ltr'><strong>natum.</strong></span> <span class='ocrx_word' id='word_1_359' title='bbox 1181 2425 1312 2480; x_wconf 83' lang='lat' dir='ltr'><strong>lupus</strong></span> <span class='ocrx_word' id='word_1_360' title='bbox 1345 2425 1407 2465; x_wconf 60' lang='lat' dir='ltr'><strong>siv</strong></span> <span class='ocrx_word' id='word_1_361' title='bbox 1445 2424 1523 2466; x_wconf 72' lang='lat' dir='ltr'><strong>«Et</strong></span> <span class='ocrx_word' id='word_1_362' title='bbox 1558 2424 1705 2466; x_wconf 71' lang='lat' dir='ltr'><strong>adbuc</strong></span> <span class='ocrx_word' id='word_1_363' title='bbox 1740 2424 1971 2480; x_wconf 65' lang='lat' dir='ltr'><strong>lm&#39;ueris».</strong></span> <span class='ocrx_word' id='word_1_364' title='bbox 2008 2424 2081 2466; x_wconf 79' lang='lat' dir='ltr'><strong>sed</strong></span> <span class='ocrx_word' id='word_1_365' title='bbox 2119 2430 2267 2466; x_wconf 84' lang='lat' dir='ltr'><strong>tamen</strong></span> <span class='ocrx_word' id='word_1_366' title='bbox 2302 2423 2433 2465; x_wconf 65' lang='lat' dir='ltr'><strong>rebus</strong></span> <span class='ocrx_word' id='word_1_367' title='bbox 2471 2423 2575 2478; x_wconf 74' lang='lat' dir='ltr'><strong>ipsis</strong></span> <span class='ocrx_word' id='word_1_368' title='bbox 2611 2423 2718 2464; x_wconf 67' lang='lat' dir='ltr'><strong>baec</strong></span> <span class='ocrx_word' id='word_1_369' title='bbox 2753 2423 2813 2463; x_wconf 84' lang='lat' dir='ltr'><strong>l&#39;a-</strong></span> 
     </span>
     <span class='ocr_line' id='line_1_29' title="bbox 612 2485 2813 2559; baseline -0.001 -17"><span class='ocrx_word' id='word_1_370' title='bbox 612 2502 716 2543; x_wconf 84' lang='lat' dir='ltr'><strong>bula</strong></span> <span class='ocrx_word' id='word_1_371' title='bbox 765 2485 904 2543; x_wconf 70' lang='lat' dir='ltr'><strong>inulto</strong></span> <span class='ocrx_word' id='word_1_372' title='bbox 955 2503 1094 2558; x_wconf 81' lang='lat' dir='ltr'><strong>magis</strong></span> <span class='ocrx_word' id='word_1_373' title='bbox 1143 2503 1358 2544; x_wconf 65' lang='lat' dir='ltr'><strong>consentit</strong></span> <span class='ocrx_word' id='word_1_374' title='bbox 1405 2517 1504 2543; x_wconf 59' lang='lat' dir='ltr'><strong>&lt;eum</strong></span> <span class='ocrx_word' id='word_1_375' title='bbox 1560 2502 1759 2545; x_wconf 79' lang='lat' dir='ltr'><strong>Phaedro</strong></span> <span class='ocrx_word' id='word_1_376' title='bbox 1792 2516 1928 2559; x_wconf 77' lang='lat' dir='ltr'><strong>quain</strong></span> <span class='ocrx_word' id='word_1_377' title='bbox 1962 2516 2062 2544; x_wconf 67' lang='lat' dir='ltr'><strong>eum</strong></span> <span class='ocrx_word' id='word_1_378' title='bbox 2099 2507 2173 2544; x_wconf 84' lang='lat' dir='ltr'><strong>aut</strong></span> <span class='ocrx_word' id='word_1_379' title='bbox 2210 2502 2295 2544; x_wconf 66' lang='lat' dir='ltr'><strong>Aes</strong></span> <span class='ocrx_word' id='word_1_380' title='bbox 2329 2502 2415 2543; x_wconf 74' lang='lat'><strong>374</strong></span> <span class='ocrx_word' id='word_1_381' title='bbox 2449 2500 2474 2540; x_wconf 95' lang='lat' dir='ltr'><strong>b</strong></span> <span class='ocrx_word' id='word_1_382' title='bbox 2507 2506 2582 2543; x_wconf 83' lang='lat' dir='ltr'><strong>aut</strong></span> <span class='ocrx_word' id='word_1_383' title='bbox 2620 2499 2711 2542; x_wconf 81' lang='lat' dir='ltr'><strong>Bab</strong></span> <span class='ocrx_word' id='word_1_384' title='bbox 2744 2500 2813 2541; x_wconf 55' lang='lat'><strong>89.</strong></span> 
     </span>
     <span class='ocr_line' id='line_1_30' title="bbox 610 2577 2802 2636; baseline 0 -16"><span class='ocrx_word' id='word_1_385' title='bbox 610 2579 779 2621; x_wconf 68' lang='lat' dir='ltr'><strong>aecedit</strong></span> <span class='ocrx_word' id='word_1_386' title='bbox 827 2580 945 2634; x_wconf 75' lang='lat' dir='ltr'><strong>quod</strong></span> <span class='ocrx_word' id='word_1_387' title='bbox 995 2580 1129 2621; x_wconf 86' lang='lat' dir='ltr'><strong>etiam</strong></span> <span class='ocrx_word' id='word_1_388' title='bbox 1162 2594 1214 2621; x_wconf 72' lang='lat' dir='ltr'><strong>ex</strong></span> <span class='ocrx_word' id='word_1_389' title='bbox 1252 2580 1396 2622; x_wconf 80' lang='lat' dir='ltr'><strong>verbis</strong></span> <span class='ocrx_word' id='word_1_390' title='bbox 1432 2579 1617 2622; x_wconf 79' lang='lat' dir='ltr'><strong>l&#39;liaedri</strong></span> <span class='ocrx_word' id='word_1_391' title='bbox 1651 2579 1878 2636; x_wconf 73' lang='lat' dir='ltr'><strong>quaedum</strong></span> <span class='ocrx_word' id='word_1_392' title='bbox 1912 2579 1956 2621; x_wconf 86' lang='lat' dir='ltr'><strong>in</strong></span> <span class='ocrx_word' id='word_1_393' title='bbox 1993 2593 2017 2620; x_wconf 82' lang='grc' dir='ltr'><strong>π</strong></span> <span class='ocrx_word' id='word_1_394' title='bbox 2050 2579 2343 2636; x_wconf 83' lang='lat' dir='ltr'><strong>reperiuntur.</strong></span> <span class='ocrx_word' id='word_1_395' title='bbox 2382 2584 2427 2620; x_wconf 87' lang='lat' dir='ltr'><strong>ut</strong></span> <span class='ocrx_word' id='word_1_396' title='bbox 2451 2579 2583 2634; x_wconf 71' lang='lat' dir='ltr'><strong>sance</strong></span> <span class='ocrx_word' id='word_1_397' title='bbox 2614 2577 2802 2632; x_wconf 73' lang='lat' dir='ltr'><strong>itnproba</strong></span> 
     </span>
     <span class='ocr_line' id='line_1_31' title="bbox 609 2654 2812 2712; baseline -0.001 -13"><span class='ocrx_word' id='word_1_398' title='bbox 609 2665 649 2699; x_wconf 85' lang='lat' dir='ltr'><strong>et</strong></span> <span class='ocrx_word' id='word_1_399' title='bbox 698 2659 818 2700; x_wconf 73' lang='lat' dir='ltr'><strong>latro.</strong></span> <span class='ocrx_word' id='word_1_400' title='bbox 864 2657 939 2699; x_wconf 81' lang='lat' dir='ltr'><strong>sed</strong></span> <span class='ocrx_word' id='word_1_401' title='bbox 975 2658 1083 2699; x_wconf 79' lang='lat' dir='ltr'><strong>bae(-</strong></span> <span class='ocrx_word' id='word_1_402' title='bbox 1116 2657 1299 2712; x_wconf 76' lang='lat' dir='ltr'><strong>quidem</strong></span> <span class='ocrx_word' id='word_1_403' title='bbox 1333 2658 1489 2699; x_wconf 76' lang='lat' dir='ltr'><strong>alienis</strong></span> <span class='ocrx_word' id='word_1_404' title='bbox 1524 2657 1639 2699; x_wconf 69' lang='lat' dir='ltr'><strong>lovis.</strong></span> <span class='ocrx_word' id='word_1_405' title='bbox 1676 2671 1779 2712; x_wconf 74' lang='lat' dir='ltr'><strong>ergo</strong></span> <span class='ocrx_word' id='word_1_406' title='bbox 1815 2671 1902 2699; x_wconf 91' lang='lat' dir='ltr'><strong>non</strong></span> <span class='ocrx_word' id='word_1_407' title='bbox 1937 2656 2092 2699; x_wconf 87' lang='lat' dir='ltr'><strong>dubito</strong></span> <span class='ocrx_word' id='word_1_408' title='bbox 2125 2657 2235 2712; x_wconf 74' lang='lat' dir='ltr'><strong>quin</strong></span> <span class='ocrx_word' id='word_1_409' title='bbox 2271 2656 2384 2698; x_wconf 86' lang='lat' dir='ltr'><strong>inter</strong></span> <span class='ocrx_word' id='word_1_410' title='bbox 2421 2654 2719 2697; x_wconf 78' lang='lat' dir='ltr'><strong>l‘liaedrianas</strong></span> <span class='ocrx_word' id='word_1_411' title='bbox 2756 2655 2812 2696; x_wconf 84' lang='lat' dir='ltr'><strong>l&#39;a-</strong></span> 
     </span>
     <span class='ocr_line' id='line_1_32' title="bbox 611 2731 2811 2788; baseline -0.003 -13"><span class='ocrx_word' id='word_1_412' title='bbox 611 2735 737 2776; x_wconf 82' lang='lat' dir='ltr'><strong>bulas</strong></span> <span class='ocrx_word' id='word_1_413' title='bbox 785 2746 836 2776; x_wconf 87' lang='lat' dir='ltr'><strong>w</strong></span> <span class='ocrx_word' id='word_1_414' title='bbox 877 2734 889 2775; x_wconf 92' lang='lat' dir='ltr'><strong>l</strong></span> <span class='ocrx_word' id='word_1_415' title='bbox 933 2736 945 2775; x_wconf 89' lang='lat'><em>1</em></span> <span class='ocrx_word' id='word_1_416' title='bbox 984 2747 1042 2777; x_wconf 92' lang='lat' dir='ltr'><strong>ro</strong></span> <span class='ocrx_word' id='word_1_417' title='bbox 1081 2734 1091 2775; x_wconf 95' lang='lat' dir='ltr'><strong>l</strong></span> <span class='ocrx_word' id='word_1_418' title='bbox 1129 2736 1154 2775; x_wconf 73' lang='lat'><em>2</em></span> <span class='ocrx_word' id='word_1_419' title='bbox 1188 2734 1238 2775; x_wconf 75' lang='lat' dir='ltr'><strong>sil</strong></span> <span class='ocrx_word' id='word_1_420' title='bbox 1277 2734 1566 2776; x_wconf 84' lang='lat' dir='ltr'><strong>numeranda.</strong></span> <span class='ocrx_word' id='word_1_421' title='bbox 1603 2734 1678 2776; x_wconf 66' lang='lat' dir='ltr'><strong>sed</strong></span> <span class='ocrx_word' id='word_1_422' title='bbox 1712 2749 1738 2775; x_wconf 86' lang='lat' dir='ltr'><strong>a</strong></span> <span class='ocrx_word' id='word_1_423' title='bbox 1774 2732 1802 2773; x_wconf 92' lang='lat' dir='ltr'><strong>ll</strong></span> <span class='ocrx_word' id='word_1_424' title='bbox 1840 2734 2031 2788; x_wconf 82' lang='lat' dir='ltr'><strong>sumpsit</strong></span> <span class='ocrx_word' id='word_1_425' title='bbox 2065 2748 2164 2775; x_wconf 88' lang='lat' dir='ltr'><strong>eam</strong></span> <span class='ocrx_word' id='word_1_426' title='bbox 2202 2747 2239 2782; x_wconf 80' lang='grc' dir='ltr'><strong>π,</strong></span> <span class='ocrx_word' id='word_1_427' title='bbox 2276 2747 2361 2774; x_wconf 89' lang='lat' dir='ltr'><strong>non</strong></span> <span class='ocrx_word' id='word_1_428' title='bbox 2396 2748 2421 2774; x_wconf 85' lang='lat' dir='ltr'><strong>a</strong></span> <span class='ocrx_word' id='word_1_429' title='bbox 2459 2731 2658 2774; x_wconf 80' lang='lat' dir='ltr'><strong>Phaedro</strong></span> <span class='ocrx_word' id='word_1_430' title='bbox 2694 2731 2811 2786; x_wconf 83' lang='lat' dir='ltr'><strong>ipso;</strong></span> 
     </span>
     <span class='ocr_line' id='line_1_33' title="bbox 608 2808 2204 2857; baseline -0.001 -4"><span class='ocrx_word' id='word_1_431' title='bbox 608 2812 651 2853; x_wconf 74' lang='lat' dir='ltr'><strong>el·</strong></span> <span class='ocrx_word' id='word_1_432' title='bbox 684 2811 821 2853; x_wconf 75' lang='lat' dir='ltr'><strong>rimmo,</strong></span> <span class='ocrx_word' id='word_1_433' title='bbox 852 2812 1025 2853; x_wconf 73' lang='lat' dir='ltr'><strong>eundem</strong></span> <span class='ocrx_word' id='word_1_434' title='bbox 1055 2810 1149 2852; x_wconf 86' lang='lat' dir='ltr'><strong>Ph:</strong></span> <span class='ocrx_word' id='word_1_435' title='bbox 1185 2812 1320 2852; x_wconf 70' lang='lat' dir='ltr'><strong>rit-am</strong></span> <span class='ocrx_word' id='word_1_436' title='bbox 1360 2809 1387 2850; x_wconf 87' lang='lat' dir='ltr'><strong>ll</strong></span> <span class='ocrx_word' id='word_1_437' title='bbox 1427 2825 1473 2857; x_wconf 66' lang='lat'><strong>51:</strong></span> <span class='ocrx_word' id='word_1_438' title='bbox 1510 2816 1705 2853; x_wconf 56' lang='lat' dir='ltr'><strong>nemu-ant</strong></span> <span class='ocrx_word' id='word_1_439' title='bbox 1736 2811 1829 2853; x_wconf 91' lang='lat' dir='ltr'><strong>Ph:</strong></span> <span class='ocrx_word' id='word_1_440' title='bbox 1865 2815 2063 2853; x_wconf 69' lang='lat' dir='ltr'><strong>venerem!</strong></span> <span class='ocrx_word' id='word_1_441' title='bbox 2101 2808 2129 2849; x_wconf 95' lang='lat' dir='ltr'><strong>ll</strong></span> <span class='ocrx_word' id='word_1_442' title='bbox 2169 2825 2204 2851; x_wconf 78' lang='grc' dir='ltr'><strong>π.</strong></span> 
     </span>
    </p>

    <p class='ocr_par' dir='ltr' id='par_1_4' title="bbox 608 2885 2813 3637">
     <span class='ocr_line' id='line_1_34' title="bbox 757 2885 2803 2943; baseline -0.002 -13"><span class='ocrx_word' id='word_1_443' title='bbox 757 2888 866 2930; x_wconf 87' lang='lat' dir='ltr'><strong>ltem</strong></span> <span class='ocrx_word' id='word_1_444' title='bbox 912 2887 1109 2929; x_wconf 82' lang='lat' dir='ltr'><strong>fabulam</strong></span> <span class='ocrx_word' id='word_1_445' title='bbox 1161 2887 1224 2929; x_wconf 69' lang='lat' dir='ltr'><strong>de</strong></span> <span class='ocrx_word' id='word_1_446' title='bbox 1275 2887 1444 2929; x_wconf 87' lang='lat' dir='ltr'><strong>milvo</strong></span> <span class='ocrx_word' id='word_1_447' title='bbox 1492 2887 1884 2929; x_wconf 65' lang='lat' dir='ltr'><strong>volumbaruin</strong></span> <span class='ocrx_word' id='word_1_448' title='bbox 1933 2902 2060 2943; x_wconf 79' lang='lat' dir='ltr'><strong>rege</strong></span> <span class='ocrx_word' id='word_1_449' title='bbox 2101 2902 2127 2930; x_wconf 86' lang='lat' dir='ltr'><strong>a</strong></span> <span class='ocrx_word' id='word_1_450' title='bbox 2163 2885 2191 2927; x_wconf 91' lang='lat' dir='ltr'><strong>ll</strong></span> <span class='ocrx_word' id='word_1_451' title='bbox 2229 2887 2270 2941; x_wconf 90' lang='lat' dir='ltr'><strong>(i.</strong></span> <span class='ocrx_word' id='word_1_452' title='bbox 2305 2903 2340 2929; x_wconf 86' lang='lat' dir='ltr'><strong>e.</strong></span> <span class='ocrx_word' id='word_1_453' title='bbox 2380 2885 2440 2929; x_wconf 57' lang='lat' dir='ltr'><strong>A»)</strong></span> <span class='ocrx_word' id='word_1_454' title='bbox 2474 2886 2544 2940; x_wconf 77' lang='lat'><strong>22)</strong></span> <span class='ocrx_word' id='word_1_455' title='bbox 2577 2890 2803 2940; x_wconf 76' lang='lat' dir='ltr'><strong>sumptam</strong></span> 
     </span>
     <span class='ocr_line' id='line_1_35' title="bbox 610 2960 2811 3019; baseline -0.002 -12"><span class='ocrx_word' id='word_1_456' title='bbox 610 2965 740 3008; x_wconf 81' lang='lat' dir='ltr'><strong>habet</strong></span> <span class='ocrx_word' id='word_1_457' title='bbox 793 2979 816 3006; x_wconf 83' lang='grc' dir='ltr'><strong><em>π</em></strong></span> <span class='ocrx_word' id='word_1_458' title='bbox 860 2965 900 3019; x_wconf 89' lang='lat' dir='ltr'><strong>(i.</strong></span> <span class='ocrx_word' id='word_1_459' title='bbox 943 2980 977 3007; x_wconf 82' lang='lat' dir='ltr'><strong>e.</strong></span> <span class='ocrx_word' id='word_1_460' title='bbox 1013 2976 1063 3007; x_wconf 86' lang='lat' dir='ltr'>W</span> <span class='ocrx_word' id='word_1_461' title='bbox 1102 2964 1159 3007; x_wconf 81' lang='grc' dir='ltr'><strong>ΙΙΙ</strong></span> <span class='ocrx_word' id='word_1_462' title='bbox 1195 2966 1220 3003; x_wconf 68' lang='lat'>8</span> <span class='ocrx_word' id='word_1_463' title='bbox 1254 2976 1311 3008; x_wconf 87' lang='lat' dir='ltr'><strong>ro</strong></span> <span class='ocrx_word' id='word_1_464' title='bbox 1349 2964 1384 3006; x_wconf 90' lang='lat' dir='ltr'><strong>[l</strong></span> <span class='ocrx_word' id='word_1_465' title='bbox 1420 2965 1473 3018; x_wconf 73' lang='lat'><strong>2),</strong></span> <span class='ocrx_word' id='word_1_466' title='bbox 1509 2967 1553 3007; x_wconf 82' lang='lat' dir='ltr'><strong>‹·l&#39;</strong></span> <span class='ocrx_word' id='word_1_467' title='bbox 1585 2964 1754 3008; x_wconf 64' lang='lat' dir='ltr'><strong>aemilia</strong></span> <span class='ocrx_word' id='word_1_468' title='bbox 1786 2964 1858 3007; x_wconf 90' lang='lat' dir='ltr'><strong>Ph</strong></span> <span class='ocrx_word' id='word_1_469' title='bbox 1895 2964 1909 3006; x_wconf 94' lang='grc' dir='ltr'>Ι</span> <span class='ocrx_word' id='word_1_470' title='bbox 1944 2965 2012 3006; x_wconf 82' lang='grc'><strong>31.</strong></span> <span class='ocrx_word' id='word_1_471' title='bbox 2049 2965 2093 3006; x_wconf 76' lang='lat'><strong>2:</strong></span> <span class='ocrx_word' id='word_1_472' title='bbox 2129 2964 2341 3007; x_wconf 58' lang='lat' dir='ltr'><strong>manilium</strong></span> <span class='ocrx_word' id='word_1_473' title='bbox 2378 2961 2406 3003; x_wconf 93' lang='lat' dir='ltr'><strong>ll</strong></span> <span class='ocrx_word' id='word_1_474' title='bbox 2449 2978 2494 3009; x_wconf 71' lang='grc' dir='ltr'><strong>πῑ</strong></span> <span class='ocrx_word' id='word_1_475' title='bbox 2531 2962 2706 3016; x_wconf 74' lang='lat' dir='ltr'><strong>requiri!</strong></span> <span class='ocrx_word' id='word_1_476' title='bbox 2738 2960 2811 3004; x_wconf 90' lang='lat' dir='ltr'><strong>Ph</strong></span> 
     </span>
     <span class='ocr_line' id='line_1_36' title="bbox 611 3040 2812 3097; baseline -0.002 -13"><span class='ocrx_word' id='word_1_477' title='bbox 611 3042 675 3084; x_wconf 88' lang='lat' dir='ltr'><strong>ib:</strong></span> <span class='ocrx_word' id='word_1_478' title='bbox 725 3042 890 3097; x_wconf 58' lang='lat' dir='ltr'><strong>«steterit</strong></span> <span class='ocrx_word' id='word_1_479' title='bbox 926 3040 954 3081; x_wconf 93' lang='lat' dir='ltr'><strong>ll</strong></span> <span class='ocrx_word' id='word_1_480' title='bbox 994 3056 1043 3085; x_wconf 74' lang='grc' dir='ltr'><strong>πῑ</strong></span> <span class='ocrx_word' id='word_1_481' title='bbox 1080 3043 1294 3097; x_wconf 67' lang='lat' dir='ltr'><strong>fuffl&#39;ssent</strong></span> <span class='ocrx_word' id='word_1_482' title='bbox 1325 3042 1399 3085; x_wconf 88' lang='lat' dir='ltr'><strong>Ph</strong></span> <span class='ocrx_word' id='word_1_483' title='bbox 1434 3056 1470 3083; x_wconf 80' lang='lat' dir='ltr'><strong>v.</strong></span> <span class='ocrx_word' id='word_1_484' title='bbox 1508 3044 1552 3083; x_wconf 74' lang='lat'><strong>3:</strong></span> <span class='ocrx_word' id='word_1_485' title='bbox 1579 3044 1780 3097; x_wconf 57' lang='lat' dir='ltr'><strong>sufferent</strong></span> <span class='ocrx_word' id='word_1_486' title='bbox 1816 3040 1844 3081; x_wconf 92' lang='lat' dir='ltr'><strong>ll</strong></span> <span class='ocrx_word' id='word_1_487' title='bbox 1884 3056 1920 3083; x_wconf 84' lang='grc' dir='ltr'><strong>π.</strong></span> <span class='ocrx_word' id='word_1_488' title='bbox 1957 3040 2031 3084; x_wconf 86' lang='lat' dir='ltr'><strong>sed</strong></span> <span class='ocrx_word' id='word_1_489' title='bbox 2067 3046 2110 3084; x_wconf 90' lang='lat' dir='ltr'><strong>et</strong></span> <span class='ocrx_word' id='word_1_490' title='bbox 2144 3040 2283 3083; x_wconf 74' lang='lat' dir='ltr'><strong>multo</strong></span> <span class='ocrx_word' id='word_1_491' title='bbox 2320 3040 2468 3082; x_wconf 75' lang='lat' dir='ltr'><strong>minus</strong></span> <span class='ocrx_word' id='word_1_492' title='bbox 2503 3053 2715 3095; x_wconf 79' lang='lat' dir='ltr'><strong>expressa</strong></span> <span class='ocrx_word' id='word_1_493' title='bbox 2747 3043 2812 3080; x_wconf 86' lang='lat' dir='ltr'><strong>est</strong></span> 
     </span>
     <span class='ocr_line' id='line_1_37' title="bbox 610 3114 2807 3182; baseline -0.003 -21"><span class='ocrx_word' id='word_1_494' title='bbox 610 3120 653 3161; x_wconf 92' lang='lat' dir='ltr'><strong>in</strong></span> <span class='ocrx_word' id='word_1_495' title='bbox 690 3133 714 3159; x_wconf 79' lang='grc' dir='ltr'><strong><em>π</em></strong></span> <span class='ocrx_word' id='word_1_496' title='bbox 747 3133 881 3175; x_wconf 74' lang='lat' dir='ltr'><strong>quam</strong></span> <span class='ocrx_word' id='word_1_497' title='bbox 919 3119 961 3160; x_wconf 93' lang='lat' dir='ltr'><strong>in</strong></span> <span class='ocrx_word' id='word_1_498' title='bbox 997 3117 1025 3158; x_wconf 94' lang='lat' dir='ltr'><strong>ll</strong></span> <span class='ocrx_word' id='word_1_499' title='bbox 1063 3119 1251 3160; x_wconf 81' lang='lat' dir='ltr'><strong>imitatio</strong></span> <span class='ocrx_word' id='word_1_500' title='bbox 1289 3118 1489 3164; x_wconf 82' lang='lat' dir='ltr'><strong>l&#39;baedri,</strong></span> <span class='ocrx_word' id='word_1_501' title='bbox 1525 3124 1565 3161; x_wconf 82' lang='lat' dir='ltr'><strong>et</strong></span> <span class='ocrx_word' id='word_1_502' title='bbox 1601 3119 1695 3173; x_wconf 82' lang='lat' dir='ltr'><strong>ipsa</strong></span> <span class='ocrx_word' id='word_1_503' title='bbox 1729 3118 1920 3182; x_wconf 65' lang='lat' dir='ltr'><strong>narratio</strong></span> <span class='ocrx_word' id='word_1_504' title='bbox 1954 3118 1997 3160; x_wconf 92' lang='lat' dir='ltr'><strong>in</strong></span> <span class='ocrx_word' id='word_1_505' title='bbox 2037 3116 2064 3158; x_wconf 93' lang='lat' dir='ltr'><strong>ll</strong></span> <span class='ocrx_word' id='word_1_506' title='bbox 2103 3123 2193 3160; x_wconf 88' lang='lat' dir='ltr'><strong>tota</strong></span> <span class='ocrx_word' id='word_1_507' title='bbox 2225 3122 2365 3160; x_wconf 80' lang='lat' dir='ltr'><strong>estex</strong></span> <span class='ocrx_word' id='word_1_508' title='bbox 2394 3115 2595 3158; x_wconf 81' lang='lat' dir='ltr'><strong>Phaedro</strong></span> <span class='ocrx_word' id='word_1_509' title='bbox 2619 3120 2736 3170; x_wconf 81' lang='lat' dir='ltr'><strong>apta,</strong></span> <span class='ocrx_word' id='word_1_510' title='bbox 2764 3114 2807 3155; x_wconf 93' lang='lat' dir='ltr'><strong>in</strong></span> 
     </span>
     <span class='ocr_line' id='line_1_38' title="bbox 612 3191 2807 3250; baseline -0.003 -14"><span class='ocrx_word' id='word_1_511' title='bbox 612 3210 634 3236; x_wconf 81' lang='grc' dir='ltr'><strong><em>π</em></strong></span> <span class='ocrx_word' id='word_1_512' title='bbox 667 3211 693 3237; x_wconf 87' lang='lat' dir='ltr'><strong>a</strong></span> <span class='ocrx_word' id='word_1_513' title='bbox 730 3195 929 3238; x_wconf 82' lang='lat' dir='ltr'><strong>Phaedro</strong></span> <span class='ocrx_word' id='word_1_514' title='bbox 962 3195 1165 3238; x_wconf 86' lang='lat' dir='ltr'><strong>nonni-bil</strong></span> <span class='ocrx_word' id='word_1_515' title='bbox 1200 3194 1398 3237; x_wconf 67' lang='lat' dir='ltr'><strong>discedit.</strong></span> <span class='ocrx_word' id='word_1_516' title='bbox 1436 3210 1540 3237; x_wconf 83' lang='lat' dir='ltr'><strong>nain</strong></span> <span class='ocrx_word' id='word_1_517' title='bbox 1576 3196 1619 3236; x_wconf 91' lang='lat' dir='ltr'><strong>in</strong></span> <span class='ocrx_word' id='word_1_518' title='bbox 1651 3196 1726 3237; x_wconf 87' lang='lat' dir='ltr'><strong>Ph</strong></span> <span class='ocrx_word' id='word_1_519' title='bbox 1763 3193 1791 3234; x_wconf 91' lang='lat' dir='ltr'><strong>ll</strong></span> <span class='ocrx_word' id='word_1_520' title='bbox 1836 3194 1998 3236; x_wconf 86' lang='lat' dir='ltr'><strong>milvus</strong></span> <span class='ocrx_word' id='word_1_521' title='bbox 2033 3199 2269 3250; x_wconf 75' lang='lat' dir='ltr'><strong>postquam</strong></span> <span class='ocrx_word' id='word_1_522' title='bbox 2297 3194 2389 3249; x_wconf 87' lang='lat' dir='ltr'><strong>ipse</strong></span> <span class='ocrx_word' id='word_1_523' title='bbox 2415 3191 2807 3249; x_wconf 76' lang='lat' dir='ltr'><strong>pollicitationibus</strong></span> 
     </span>
     <span class='ocr_line' id='line_1_39' title="bbox 608 3267 2813 3327; baseline -0.003 -12"><span class='ocrx_word' id='word_1_524' title='bbox 608 3272 765 3315; x_wconf 81' lang='lat' dir='ltr'><strong>ambiit</strong></span> <span class='ocrx_word' id='word_1_525' title='bbox 797 3272 1026 3314; x_wconf 76' lang='lat' dir='ltr'><strong>columbas</strong></span> <span class='ocrx_word' id='word_1_526' title='bbox 1062 3278 1109 3314; x_wconf 87' lang='lat' dir='ltr'><strong>ut</strong></span> <span class='ocrx_word' id='word_1_527' title='bbox 1143 3287 1187 3314; x_wconf 76' lang='lat' dir='ltr'><strong>so</strong></span> <span class='ocrx_word' id='word_1_528' title='bbox 1222 3286 1370 3327; x_wconf 80' lang='lat' dir='ltr'><strong>regem</strong></span> <span class='ocrx_word' id='word_1_529' title='bbox 1406 3272 1581 3318; x_wconf 75' lang='lat' dir='ltr'><strong>faeiaut,</strong></span> <span class='ocrx_word' id='word_1_530' title='bbox 1620 3285 1691 3314; x_wconf 85' lang='lat' dir='ltr'><strong>rex</strong></span> <span class='ocrx_word' id='word_1_531' title='bbox 1729 3272 1868 3314; x_wconf 77' lang='lat' dir='ltr'><strong>faetus</strong></span> <span class='ocrx_word' id='word_1_532' title='bbox 1893 3271 2087 3327; x_wconf 80' lang='lat' dir='ltr'><strong>speeiem</strong></span> <span class='ocrx_word' id='word_1_533' title='bbox 2114 3271 2234 3326; x_wconf 86' lang='lat' dir='ltr'><strong>regni</strong></span> <span class='ocrx_word' id='word_1_534' title='bbox 2261 3269 2511 3326; x_wconf 77' lang='lat' dir='ltr'><strong>praetendit</strong></span> <span class='ocrx_word' id='word_1_535' title='bbox 2534 3267 2746 3311; x_wconf 85' lang='lat' dir='ltr'><strong>saevitiae</strong></span> <span class='ocrx_word' id='word_1_536' title='bbox 2772 3270 2813 3309; x_wconf 87' lang='lat' dir='ltr'><strong>et</strong></span> 
     </span>
     <span class='ocr_line' id='line_1_40' title="bbox 608 3344 2809 3405; baseline -0.003 -14"><span class='ocrx_word' id='word_1_537' title='bbox 608 3348 855 3405; x_wconf 71' lang='lat' dir='ltr'><strong>cupiditati</strong></span> <span class='ocrx_word' id='word_1_538' title='bbox 891 3349 935 3390; x_wconf 91' lang='lat' dir='ltr'><strong>in</strong></span> <span class='ocrx_word' id='word_1_539' title='bbox 971 3363 995 3389; x_wconf 82' lang='grc' dir='ltr'><strong><em>π</em></strong></span> <span class='ocrx_word' id='word_1_540' title='bbox 1027 3348 1237 3404; x_wconf 81' lang='lat' dir='ltr'><strong>aeeipiter</strong></span> <span class='ocrx_word' id='word_1_541' title='bbox 1269 3364 1295 3390; x_wconf 89' lang='lat' dir='ltr'><strong>a</strong></span> <span class='ocrx_word' id='word_1_542' title='bbox 1327 3348 1544 3391; x_wconf 73' lang='lat' dir='ltr'><strong>columbis</strong></span> <span class='ocrx_word' id='word_1_543' title='bbox 1576 3355 1750 3391; x_wconf 76' lang='lat' dir='ltr'><strong>creatur</strong></span> <span class='ocrx_word' id='word_1_544' title='bbox 1784 3363 1857 3391; x_wconf 82' lang='lat' dir='ltr'><strong>rex</strong></span> <span class='ocrx_word' id='word_1_545' title='bbox 1892 3348 1968 3403; x_wconf 77' lang='lat' dir='ltr'><strong>qui</strong></span> <span class='ocrx_word' id='word_1_546' title='bbox 1999 3347 2227 3391; x_wconf 76' lang='lat' dir='ltr'><strong>columbas</strong></span> <span class='ocrx_word' id='word_1_547' title='bbox 2251 3346 2465 3403; x_wconf 74' lang='lat' dir='ltr'><strong>defendat</strong></span> <span class='ocrx_word' id='word_1_548' title='bbox 2488 3360 2514 3388; x_wconf 84' lang='lat' dir='ltr'><strong>a</strong></span> <span class='ocrx_word' id='word_1_549' title='bbox 2539 3344 2687 3387; x_wconf 85' lang='lat' dir='ltr'><strong>milvo.</strong></span> <span class='ocrx_word' id='word_1_550' title='bbox 2716 3348 2809 3385; x_wconf 83' lang='lat' dir='ltr'><strong>tuni</strong></span> 
     </span>
     <span class='ocr_line' id='line_1_41' title="bbox 611 3418 2809 3482; baseline -0.001 -15"><span class='ocrx_word' id='word_1_551' title='bbox 611 3428 756 3468; x_wconf 76' lang='lat' dir='ltr'><strong>sactus</strong></span> <span class='ocrx_word' id='word_1_552' title='bbox 790 3426 860 3468; x_wconf 74' lang='lat' dir='ltr'><strong>hic</strong></span> <span class='ocrx_word' id='word_1_553' title='bbox 892 3425 1102 3481; x_wconf 78' lang='lat' dir='ltr'><strong>accipiter</strong></span> <span class='ocrx_word' id='word_1_554' title='bbox 1136 3439 1209 3467; x_wconf 84' lang='lat' dir='ltr'><strong>rex</strong></span> <span class='ocrx_word' id='word_1_555' title='bbox 1245 3425 1375 3468; x_wconf 80' lang='lat' dir='ltr'><strong>talem</strong></span> <span class='ocrx_word' id='word_1_556' title='bbox 1411 3425 1455 3467; x_wconf 90' lang='lat' dir='ltr'><strong>in</strong></span> <span class='ocrx_word' id='word_1_557' title='bbox 1488 3425 1718 3468; x_wconf 73' lang='lat' dir='ltr'><strong>columbas</strong></span> <span class='ocrx_word' id='word_1_558' title='bbox 1752 3440 1797 3467; x_wconf 76' lang='lat' dir='ltr'><strong>se</strong></span> <span class='ocrx_word' id='word_1_559' title='bbox 1831 3425 2022 3482; x_wconf 85' lang='lat' dir='ltr'><strong>praebet.</strong></span> <span class='ocrx_word' id='word_1_560' title='bbox 2058 3425 2237 3482; x_wconf 81' lang='lat' dir='ltr'><strong>qualem</strong></span> <span class='ocrx_word' id='word_1_561' title='bbox 2272 3423 2342 3467; x_wconf 89' lang='lat' dir='ltr'><strong>ille</strong></span> <span class='ocrx_word' id='word_1_562' title='bbox 2376 3423 2422 3466; x_wconf 89' lang='lat' dir='ltr'><strong>in</strong></span> <span class='ocrx_word' id='word_1_563' title='bbox 2454 3421 2528 3466; x_wconf 88' lang='lat' dir='ltr'><strong>Ph</strong></span> <span class='ocrx_word' id='word_1_564' title='bbox 2565 3418 2594 3461; x_wconf 89' lang='grc' dir='ltr'><strong>ΙΙ</strong></span> <span class='ocrx_word' id='word_1_565' title='bbox 2634 3418 2809 3463; x_wconf 80' lang='lat' dir='ltr'><strong>milvus.</strong></span> 
     </span>
     <span class='ocr_line' id='line_1_42' title="bbox 608 3496 2805 3560; baseline -0.003 -14"><span class='ocrx_word' id='word_1_566' title='bbox 608 3518 713 3560; x_wconf 89' lang='lat' dir='ltr'><strong>ergo</strong></span> <span class='ocrx_word' id='word_1_567' title='bbox 746 3505 791 3545; x_wconf 92' lang='lat' dir='ltr'><strong>in</strong></span> <span class='ocrx_word' id='word_1_568' title='bbox 827 3504 907 3545; x_wconf 83' lang='lat' dir='ltr'><strong>hae</strong></span> <span class='ocrx_word' id='word_1_569' title='bbox 942 3509 989 3546; x_wconf 90' lang='lat' dir='ltr'><strong>ut</strong></span> <span class='ocrx_word' id='word_1_570' title='bbox 1022 3504 1067 3546; x_wconf 90' lang='lat' dir='ltr'><strong>in</strong></span> <span class='ocrx_word' id='word_1_571' title='bbox 1103 3503 1253 3545; x_wconf 87' lang='lat' dir='ltr'><strong>multis</strong></span> <span class='ocrx_word' id='word_1_572' title='bbox 1288 3503 1448 3545; x_wconf 75' lang='lat' dir='ltr'><strong>fabulis</strong></span> <span class='ocrx_word' id='word_1_573' title='bbox 1481 3503 1536 3545; x_wconf 88' lang='lat' dir='ltr'><strong>ad</strong></span> <span class='ocrx_word' id='word_1_574' title='bbox 1571 3503 1874 3546; x_wconf 71' lang='lat' dir='ltr'><strong>recensionem</strong></span> <span class='ocrx_word' id='word_1_575' title='bbox 1909 3502 2096 3546; x_wconf 87' lang='lat' dir='ltr'><strong>Phaedri</strong></span> <span class='ocrx_word' id='word_1_576' title='bbox 2134 3502 2241 3546; x_wconf 88' lang='lat' dir='ltr'><strong>nibil</strong></span> <span class='ocrx_word' id='word_1_577' title='bbox 2275 3503 2366 3545; x_wconf 82' lang='lat' dir='ltr'><strong>fere</strong></span> <span class='ocrx_word' id='word_1_578' title='bbox 2401 3499 2518 3543; x_wconf 85' lang='lat' dir='ltr'><strong>valet</strong></span> <span class='ocrx_word' id='word_1_579' title='bbox 2551 3512 2589 3547; x_wconf 72' lang='grc' dir='ltr'><strong>π,</strong></span> <span class='ocrx_word' id='word_1_580' title='bbox 2615 3496 2805 3541; x_wconf 76' lang='lat' dir='ltr'><strong>inultum</strong></span> 
     </span>
     <span class='ocr_line' id='line_1_43' title="bbox 612 3574 2805 3637; baseline -0.002 -16"><span class='ocrx_word' id='word_1_581' title='bbox 612 3579 658 3623; x_wconf 93' lang='lat' dir='ltr'><strong>ll.</strong></span> <span class='ocrx_word' id='word_1_582' title='bbox 708 3580 829 3637; x_wconf 76' lang='lat' dir='ltr'><strong>quod</strong></span> <span class='ocrx_word' id='word_1_583' title='bbox 877 3580 1061 3636; x_wconf 83' lang='lat' dir='ltr'><strong>quidem</strong></span> <span class='ocrx_word' id='word_1_584' title='bbox 1109 3581 1267 3637; x_wconf 80' lang='lat' dir='ltr'><strong>legitur</strong></span> <span class='ocrx_word' id='word_1_585' title='bbox 1316 3581 1359 3622; x_wconf 90' lang='lat' dir='ltr'><strong>in</strong></span> <span class='ocrx_word' id='word_1_586' title='bbox 1398 3580 1427 3619; x_wconf 90' lang='lat' dir='ltr'><strong>ll</strong></span> <span class='ocrx_word' id='word_1_587' title='bbox 1463 3581 1559 3632; x_wconf 69' lang='lat' dir='ltr'><strong>(Sic</strong></span> <span class='ocrx_word' id='word_1_588' title='bbox 1592 3582 1733 3622; x_wconf 64' lang='lat' dir='ltr'><strong>marito</strong></span> <span class='ocrx_word' id='word_1_589' title='bbox 1766 3582 1927 3635; x_wconf 70' lang='lat' dir='ltr'><strong>ayitur)</strong></span> <span class='ocrx_word' id='word_1_590' title='bbox 1961 3581 2062 3634; x_wconf 66' lang='lat' dir='ltr'><strong>7²un</strong></span> <span class='ocrx_word' id='word_1_591' title='bbox 2094 3581 2198 3634; x_wconf 60' lang='lat' dir='ltr'><strong>(leye-</strong></span> <span class='ocrx_word' id='word_1_592' title='bbox 2230 3581 2355 3634; x_wconf 74' lang='lat' dir='ltr'><strong>quae)</strong></span> <span class='ocrx_word' id='word_1_593' title='bbox 2387 3582 2575 3619; x_wconf 74' lang='lat' dir='ltr'><strong>nostram</strong></span> <span class='ocrx_word' id='word_1_594' title='bbox 2606 3574 2805 3628; x_wconf 73' lang='lat' dir='ltr'><strong>spiritum</strong></span> 
     </span>
    </p>
   </div>
   <div class='ocr_carea' id='block_1_3' title="bbox 2934 392 2952 405">
    <p class='ocr_par' dir='ltr' id='par_1_5' title="bbox 2934 392 2952 405">
     <span class='ocr_line' id='line_1_44' title="bbox 2934 392 2952 405; baseline 0 0"><span class='ocrx_word' id='word_1_595' title='bbox 2934 392 2952 405; x_wconf 44' lang='grc' dir='ltr'><strong>ἢ</strong></span> 
     </span>
    </p>
   </div>
  </div>
 </body>
</html>
