3198 4058
886 368 942 403 De
965 368 1167 412 generibus
1191 372 1230 404 et
1254 369 1361 404 libris
1386 369 1673 414 paraphrasium
1699 370 2032 405 Phaedrianarum.
2509 357 2567 398 35

373 474 414 517 2.
461 477 580 518 nates
623 472 759 530 [natos
805 487 843 516 w
888 472 973 529 ro];
998 481 1073 504 ‘—
1102 472 1159 516 eit
1187 474 1326 517 cauda
1357 444 1462 530 [stne
1491 488 1622 518 causa
1654 489 1690 517 w
1723 474 1807 530 ro];
1841 475 1887 517 in
1919 474 2075 518 eadem
2109 473 2265 518 fabula
2295 474 2347 515 αδ
2377 487 2481 517 cum
2513 485 2565 517 w

290 582 293 584 >
372 549 498 595 haec.
525 549 699 605 opinor,
731 562 787 593 ex
820 563 858 598 π,
891 548 1179 593 dissentiente
1211 560 1291 593 ro:
1324 551 1353 593 3
1377 551 1477 605 plus
1506 551 1661 604 (pilus)
1692 551 1856 606 lonyior
1885 552 1941 605 (v.
1977 566 2017 607 p.
2051 551 2143 607 30);
2177 565 2346 606 mayna.

515 624 800 687 Corruptfelae
848 624 1113 668 manifestae
1158 639 1262 668 cum
1308 629 1413 669 sunt
1455 625 1621 670 multae
1651 626 1699 669 in
1731 626 1795 678 αδ,
1829 631 1925 669 tum
1957 626 2199 669 nonnullae
2231 641 2286 669 ex
2317 626 2372 669 iis
2403 625 2563 682 corrigi

373 706 561 758 possunt
605 700 807 745 adhibito
837 713 910 746 ro.
952 702 1088 746 huius
1118 702 1294 758 generis
1326 707 1477 745 tamen
1509 703 1653 746 multa
1680 708 1786 746 sunt
1816 702 1954 746 dubia
1986 708 2217 759 propterea
2249 703 2369 759 quod
2401 714 2461 765 ro
2495 701 2563 745 vel

370 778 592 823 Romulus
637 779 833 835 vulgaris
880 779 1183 823 recensionem
1227 779 1360 824 habet
1407 779 1574 823 factam
1604 780 1662 823 ab
1694 780 1876 823 homine
1908 794 1998 823 non
2032 780 2238 836 imperito
2269 779 2345 823 illo
2376 769 2561 835 quidem

370 855 446 898 sed
474 855 557 916 qui
589 855 742 898 omnia
770 870 938 912 ,magna
967 856 1146 899 licentia
1177 860 1441 899 retractaret.
1475 855 1562 898 iam
1598 871 1701 899 vero
1732 856 1833 900 illae
1862 856 2186 912 discrepantiae
2209 870 2325 913 quae
2349 870 2437 898 non
2461 870 2563 912 neg·

369 930 563 988 legentia
607 930 685 974 sed
732 930 879 974 studio
926 931 1126 974 variandi
1176 932 1399 988 profectae
1445 937 1563 983 sunt,
1605 946 1682 975 eae
1715 933 1807 975 fere
1841 932 2005 975 maiore
2038 932 2173 975 etiam
2205 932 2250 974 in
2283 930 2561 974 dubitatione

370 1013 615 1050 versantur.
649 1007 771 1051 velut
801 1007 881 1051 Ph.
915 1008 935 1050 Ι
972 1010 1035 1051 19.
1074 1008 1206 1052 Can-is
1229 1009 1478 1063 parturiens
1513 1023 1608 1052 cum
1639 1014 1821 1064 roqasset
1851 1011 2027 1053 atteram
2060 1008 2251 1052 Phaedri
2286 1008 2389 1051 cod:
2428 1008 2561 1052 Canis

360 1085 611 1137 paruam
654 1087 830 1139 royabat
875 1086 1052 1128 alteram
1096 1097 1177 1128 ro:
1229 1085 1364 1128 Oanis
1397 1102 1441 1138 p.
1474 1087 1660 1140 scrofam
1692 1087 1855 1139 royavit
1887 1086 1948 1127 αδ.
1984 1101 2073 1140 quo
2109 1087 2201 1127 loco
2234 1100 2336 1127 cum
2368 1084 2556 1126 dubium

368 1161 550 1203 forsitan
600 1160 804 1203 videatur
849 1167 998 1203 utrum
1046 1175 1105 1204 ro
1153 1176 1302 1203 veram
1350 1162 1548 1203 familiae
1593 1162 1835 1204 Romuleae
1868 1162 2103 1203 lectionem
2136 1162 2380 1203 servaverit
2410 1176 2468 1202 an
2500 1161 2556 1202 ad

366 1235 705 1283 similitudinem
753 1236 940 1280 adhibiti
988 1236 1179 1280 Phaedri
1225 1238 1283 1280 sit
1325 1239 1514 1286 relictus,
1559 1237 1833 1293 probabilius
1866 1238 1972 1281 illud
2007 1244 2073 1280 est
2106 1239 2151 1279 in
2183 1250 2242 1281 ro
2274 1238 2439 1279 servari
2473 1237 2556 1280 hoc

365 1312 461 1355 loco
492 1317 773 1363 vetustatem,
805 1314 1146 1368 quia'similiter
1176 1314 1222 1356 in
1254 1326 1305 1357 w
1337 1319 1403 1356 est
1438 1313 1570 1360 Canis
1597 1330 1641 1367 p.
1674 1315 1733 1357 ad
1761 1316 1938 1358 alteram
1968 1314 2141 1360 dicebat.

509 1388 630 1432 Vitio
675 1394 825 1432 autem
874 1389 957 1432 hoc
1006 1389 1200 1432 maximo
1247 1388 1417 1432 laborat
1460 1389 1510 1431 αδ
1540 1389 1661 1444 quod
1694 1390 1731 1432 is
1762 1389 1840 1445 qui
1872 1389 2173 1434 collectionem
2210 1388 2557 1432 Ademarianam

363 1465 567 1514 confecit,
616 1465 725 1508 dum
772 1465 921 1509 studet
969 1465 1183 1516 brevitati,
1230 1466 1382 1509 omnia
1427 1466 1645 1509 contraxit
1695 1467 1923 1522 multaque
1959 1466 2124 1509 omisit.
2161 1466 2222 1509 ita
2256 1466 2396 1508 multa
2426 1466 2473 1508 in
2507 1466 2557 1507 αδ

362 1541 614 1599 supplenda
644 1557 698 1586 ex
731 1541 913 1598 reliquis
946 1542 1080 1585 libris.
1114 1541 1233 1599 quod
1280 1542 1694 1598 frequentissimum
1727 1548 1770 1586 et
1802 1543 1847 1585 in
1883 1542 2027 1586 medio
2059 1543 2194 1585 situm
2229 1543 2335 1586 satis
2367 1542 2450 1586 erit
2482 1542 2552 1585 his

362 1618 538 1662 duobus
584 1618 800 1674 exemplis
846 1618 1090 1661 ostendere.
1140 1633 1219 1674 pro
1265 1633 1317 1661 eo
1348 1619 1485 1674 igitur
1515 1619 1635 1674 quod
1668 1624 1734 1662 est
1765 1619 1952 1662 Phaedr.
1989 1619 2006 1661 I
2047 1621 2107 1661 12.
2143 1623 2169 1660 9
2201 1633 2324 1662 canes
2355 1620 2493 1672 dusit,
2528 1632 2554 1659 π

361 1695 538 1738 videtur
573 1695 800 1751 scripsisse
831 1696 970 1739 evadit
999 1697 1213 1748 molossos,·
1244 1696 1371 1739 cuius
1404 1695 1526 1738 verbi
1558 1697 1752 1739 molossos
1782 1710 1887 1739 cum
1918 1701 2068 1739 extent
2105 1695 2317 1751 reliquiae
2350 1695 2394 1738 in
2428 1708 2480 1739 w
2511 1701 2554 1738 et

359 1784 431 1819 ro,
465 1772 650 1815 omnino
681 1772 898 1815 omissum
930 1777 996 1815 est
1026 1772 1072 1814 in
1105 1772 1157 1813 αδ
1167 1788 1174 1814 ;
1207 1772 1338 1816 evasit
1367 1774 1499 1816 matos
1529 1785 1593 1821 w,
1626 1773 1805 1816 evasisse
1835 1774 1961 1816 molos
1986 1784 2069 1816 ro:
2093 1772 2230 1815 evadit
2255 1772 2317 1814 αδ.
2356 1798 2397 1803 -—
2422 1771 2557 1815 verba

358 1847 435 1890 illa
464 1862 567 1904 app.
606 1850 640 1890 1.
673 1850 703 1890 4
727 1863 808 1903 per
838 1849 970 1891 lutum
999 1853 1037 1891 et
1066 1848 1214 1903 spinas
1244 1848 1306 1891 sic
1338 1847 1586 1891 redduntur
1618 1849 1936 1905 paraphrastae
1967 1848 2217 1891 codicibus:
2245 1863 2327 1903 per
2356 1850 2488 1891 lutum
2519 1853 2555 1890 et

358 1926 507 1980 spinas
551 1937 622 1969 w:
654 1940 734 1980 per
773 1930 920 1980 latras
950 1930 988 1969 et
1016 1926 1165 1980 spinas
1194 1930 1231 1969 et
1261 1927 1393 1969 lutum
1424 1937 1501 1969 ro:
1539 1931 1664 1980 ptras
1696 1930 1734 1969 et
1762 1926 1912 1980 spinas
1945 1925 2006 1968 αδ.
2043 1926 2094 1967 αδ
2125 1925 2261 1981 igitur
2291 1925 2441 1968 omisit
2471 1925 2556 1967 hoc

358 2002 455 2045 loco
500 2002 612 2045 duo:
662 2016 804 2045 unum
833 2017 914 2057 per
942 2002 1223 2058 neglegentia
1254 2001 1385 2045 credo
1417 2002 1598 2051 librarii,
1632 2001 1818 2046 alterum
1853 2003 1986 2046 lutum
2016 2001 2200 2045 consilio
2232 2001 2550 2064 epitomatoris.

358 2092 463 2135 ergo
508 2078 546 2122 is
592 2079 668 2135 qui
718 2079 948 2135 pristinam
996 2077 1201 2122 editionis
1248 2078 1490 2122 Romuleae
1523 2079 1715 2123 formam
1754 2079 1984 2123 restituere
2018 2079 2146 2124 volet.
2183 2079 2223 2122 ei
2256 2077 2375 2121 haud
2410 2074 2553 2134 pauca

357 2167 474 2211 quae
520 2154 668 2200 desint
703 2155 748 2196 in
783 2155 847 2206 αδ,
870 2154 1086 2201 ,addenda
1118 2158 1223 2196 sunt
1255 2154 1309 2196 de
1340 2165 1410 2198 ro.
1446 2167 1538 2210 qua
1568 2155 1612 2196 in
1646 2168 1692 2197 re
1714 2160 1853 2197 ,caute
1884 2167 2072 2211 agamus
2109 2167 2285 2197 necesse
2317 2159 2395 2202 est,
2429 2153 2550 2210 quod

357 2230 552 2286 plurima
597 2244 750 2272 eorum
795 2244 911 2285 quae
948 2241 1006 2273 ro
1039 2230 1172 2272 habet
1203 2230 1442 2285 peculiaria
1475 2231 1672 2286 profecta
1710 2236 1816 2273 sunt
1849 2245 1938 2272 non
1970 2230 2027 2272 ab
2059 2230 2300 2285 archetypo
2332 2229 2552 2271 Romuleo

357 2306 432 2348 sed
464 2306 521 2349 ab
554 2307 892 2362 interpolatione
925 2307 1111 2349 novicia.
1146 2321 1251 2348 nam
1284 2306 1503 2349 Romulus
1535 2306 1747 2362 vulgaris,
1779 2306 1898 2362 quod
1933 2306 2037 2350 dixi.
2075 2320 2155 2349 nec
2187 2306 2342 2348 inscite
2374 2310 2418 2348 et
2455 2319 2549 2361 pro-

355 2381 443 2425 lixe
490 2388 683 2426 veterem
732 2383 974 2431 Romulum
1022 2381 1318 2440 interpolavit.
1367 2382 1535 2440 quippe
1572 2383 1737 2439 gaudet
1771 2382 2056 2434 verbositate;
2098 2381 2195 2425 ideo
2228 2382 2370 2425 multa
2401 2381 2549 2438 inepte

354 2459 502 2502 adicit.
551 2460 619 2503 vel
667 2460 711 2502 in
760 2460 1014 2516 promythio
1062 2459 1251 2502 Phaedri
1300 2460 1318 2502 Ι
1372 2462 1421 2502 12
1469 2461 1753 2515 vituperamus
1783 2462 1890 2503 bona
1926 2460 1996 2501 αδε
2044 2461 2327 2513 vituperamus
2359 2461 2465 2502 bona
2498 2465 2550 2501 et

354 2550 497 2591 quae
531 2537 925 2580 necessariora
956 2541 1088 2580 sunt
1119 2548 1192 2580 ro.

495 2613 682 2658 Prorsus
728 2613 934 2670 stupidus
982 2613 1069 2657 fuit
1099 2614 1234 2657 homo
1271 2614 1307 2657 is
1339 2614 1415 2670 qui
1448 2613 1627 2657 Romuli
1661 2612 1856 2669 vulgaris
1889 2612 2193 2656 recensionem
2227 2612 2431 2655 confecit.
2466 2612 2543 2668 qui

355 2691 399 2732 in
447 2690 595 2734 verbis
640 2690 748 2733 dum
787 2675 949 2741 haeret,
983 2691 1248 2733 sententiam
1282 2704 1413 2747 saepe
1445 2690 1513 2734 vel
1548 2690 1740 2746 neglexit
1777 2690 1844 2732 vel
1879 2704 1966 2731 non
2000 2689 2237 2732 adsecutus
2271 2695 2348 2731 est.
2385 2695 2433 2731 ut
2466 2703 2546 2745 pro

353 2767 420 2809 Ph
453 2767 516 2809 IV
550 2769 618 2810 23.
657 2770 674 2809 1
712 2768 840 2811 Mons
863 2768 1112 2821 parturibat
1141 2768 1386 2822 gemitus
1427 2768 1615 2810 inmanes
1646 2768 1758 2809 ciens
1790 2768 1920 2822 (quae
1953 2766 2102 2808 fabula
2136 2766 2259 2808 deest
2291 2767 2335 2807 in
2372 2766 2447 2818 αδ).
2483 2766 2544 2806 sic

353 2843 569 2899 scriptum
616 2843 751 2887 habet
781 2855 840 2888 ro
872 2843 914 2885 II
946 2844 999 2889 ὗε,
1046 2843 1229 2897 Quidam
1269 2857 1384 2886 mons
1410 2843 1679 2897 parturiebat
1708 2842 1968 2898 geminos
2001 2842 2115 2896 (εἰεί)
2148 2856 2346 2896 maynos;
2377 2846 2547 2897 quanto

354 2919 512 2962 melius
558 2920 629 2963 w¹
677 2919 739 2962 lv
793 2922 856 2962 14.
928 2920 1011 2964 Ubi
1046 2934 1138 2962 mus
1171 2954 1178 2961 .
1214 2954 1223 2963 .
1260 2954 1267 2962 .
1304 2954 1311 2962 .
1344 2920 1473 2962 dabat
1502 2933 1675 2974 maynos
1705 2919 1952 2974 gemitus
1984 2933 2125 2973 ayens,
2160 2917 2278 2960 unde
2312 2918 2442 2960 facile
2477 2917 2547 2959 de·

352 2995 559 3038 ducimur
589 2996 644 3038 ad
678 2996 951 3039 restituenda
982 2996 1118 3039 verba
1148 3010 1263 3052 quae
1298 2994 1505 3038 videntur
1535 2995 1673 3037 fuisse
1706 2995 1752 3037 in
1786 3009 1829 3036 π;
1873 2995 1914 3038 U
1917 2995 1959 3037 bi
1991 2994 2354 3048 *vuomffpartum
2380 2993 2548 3037 *edebat

351 3087 524 3129 maynos
553 3074 800 3129 gemitus
831 3088 985 3129 ayens,·
1018 3072 1220 3129 proxima
1252 3086 1356 3116 vero
1389 3072 1573 3116 molesta
1605 3071 1869 3116 verbositate
1902 3072 1964 3115 sic
1996 3071 2239 3115 dilatantur
2271 3072 2318 3114 in
2351 3082 2430 3115 ro:
2467 3085 2545 3113 om-

350 3151 419 3194 m's
463 3151 577 3194 natio
623 3166 716 3195 cum
758 3151 923 3195 audivit
966 3151 1106 3194 statim
1140 3152 1391 3205 perturbata
1435 3154 1504 3193 est.
1540 3154 1699 3204 pavent
1730 3152 1871 3193 omnia
1902 3150 2041 3200 simul,
2078 3154 2247 3205 quanto
2281 3148 2438 3192 melius
2471 3160 2544 3191 w:

351 3228 486 3271 omnis
529 3228 646 3271 natio
693 3230 863 3271 turbata
900 3229 1093 3283 pavebat.
1140 3252 1196 3258 —
1234 3227 1290 3269 Et
1321 3241 1400 3283 pro
1432 3227 1511 3268 Ph.
1546 3226 1567 3268 I
1598 3229 1637 3268 ἵ).
1672 3228 1698 3268 9
1737 3227 1841 3269 Tum
1874 3227 2007 3282 quia
2040 3225 2168 3282 plus
2202 3226 2364 3268 valeo
2397 3241 2459 3268 me
2489 3240 2545 3269 se-

349 3309 499 3358 quetur
540 3305 677 3357 tertia,
725 3305 786 3346 sic
832 3304 967 3346 habet
1012 3315 1072 3347 ro
1109 3305 1295 3347 Tertiam
1325 3318 1418 3346 vero
1449 3304 1555 3346 mihi
1585 3304 1760 3358 defendo
1792 3303 1924 3358 quia
1958 3302 2085 3357 plus
2118 3302 2279 3344 vobis
2311 3303 2546 3344 cucurri

350 3381 468 3434 (quia
484 3406 541 3411 —
557 3395 641 3424 cuc.
660 3381 767 3423 item
784 3380 857 3423 w²
872 3380 918 3422 in
936 3394 1034 3429 ras,
1054 3381 1123 3423 w¹
1141 3380 1346 3433 erasum).
1366 3380 1581 3422 insulsam
1598 3379 1985 3434 interpolationem
2005 3379 2234 3421 substituit
2249 3389 2308 3421 ro
2327 3392 2407 3433 pro
2425 3378 2539 3420 veris

349 3455 497 3499 verbis
528 3457 662 3512 quia
693 3457 818 3513 plus
853 3457 1033 3505 valeo,
1066 3456 1230 3513 quibus
1261 3455 1528 3511 opinabatur
1560 3455 1773 3497 nimirum
1808 3456 1953 3497 iterari
1980 3454 2023 3497 id
2062 3455 2183 3510 quod
2206 3469 2343 3510 supra
2367 3454 2537 3497 dictum

348 3538 466 3575 erat:
513 3535 616 3588 quia
660 3549 754 3577 sum
787 3534 950 3589 fortior
997 3534 1119 3585 vobis,
1160 3533 1289 3589 quasi
1336 3546 1439 3574 vero
1486 3532 1693 3574 fortior
1731 3531 1841 3574 nihil
1873 3538 1988 3574 esset
2022 3532 2106 3574 nisi
2143 3531 2393 3574 validior
2424 3532 2545 3585 (plus

338 3610 465 3665 fort).
499 3611 588 3653 iam
621 3610 693 3653 ille
724 3611 800 3667 qui
833 3610 1135 3653 collectionem
1169 3610 1513 3651 Ademarianam
1546 3610 1747 3659 confecit,
1784 3610 1877 3666 pari
1912 3610 2086 3651 inscitia
2116 3610 2385 3651 sententiam
2408 3623 2544 3665 saepe
