3198 4058
879 292 934 326 De
959 292 1161 336 generibus
1185 295 1225 326 et
1248 292 1356 326 libris
1380 291 1669 336 pan-aphranium
1697 292 2031 326 Phaedrianarum.
2498 279 2553 320 37

359 396 569 457 propiora
615 396 752 441 haee:
797 395 989 449 Phaedri
1020 395 1041 440 Ι
1073 398 1113 441 6.
1147 396 1174 441 2
1205 396 1272 455 (w
1303 396 1324 441 I
1355 397 1398 454 8)
1429 398 1652 453 Aesopum·
1697 397 1738 441 3.
1770 411 1864 442 oum
1894 397 2037 453 vellet;
2068 398 2106 441 7.
2139 396 2319 453 inquid;
2354 396 2394 440 8.
2427 395 2558 453 coyit;

357 499 417 508 -
447 473 468 519 Ι
504 474 570 518 12.
607 474 662 518 14
692 474 760 531 (w
790 473 855 518 111
892 474 959 531 10)
989 474 1168 520 utiliora
1197 474 1330 529 mihi‚·
1359 487 1463 532 app.
1497 473 1524 518 l.
1558 475 1586 518 2
1611 474 1678 531 (w
1714 473 1778 518 IV
1820 474 1887 531 12)
1925 488 2027 530 opus
2046 478 2128 527 est:
2159 474 2213 531 (3.
2231 474 2334 530 plus
2353 473 2555 530 lomim„

359 551 516 596 titulus
547 536 598 596 ile
627 550 756 597 divite
786 550 855 608 [et]
888 563 1022 596 avaro
1050 555 1090 596 et
1109 565 1325 607 paupere3
1359 578 1414 584 —
1446 552 1469 597 Ι
1505 550 1581 597 17.
1615 552 1644 595 ὀ
1676 552 1807 606 †iura
1836 551 2001 608 (fuerat
2030 550 2163 595 credo
2185 550 2391 608 *iuream
2410 555 2448 594 te
2467 550 2554 594 red-

358 628 465 672 dere..
513 625 590 672 sed
638 626 860 671 incertum
901 630 968 671 est
1012 626 1230 672 iudicium
1277 627 1333 671 de
1378 628 1463 672 hac·
1510 626 1677 678 fabula,
1706 622 1838 671 'cuius
1869 626 2234 685 interpolationes
2266 627 2312 670 in
2343 625 2556 671 omnibus

358 703 483 748 libris
527 703 618 748 sint
647 718 941 762 permagnae;
974 710 1042 748 est
1072 706 1192 748 enim
1224 705 1270 748 in
1303 719 1355 748 eo
1387 719 1575 748 numero
1607 705 1948 763 paraphrasium
1983 718 2099 761 quae
2130 709 2236 748 sunt
2266 705 2313 747 in
2344 703 2556 747 omnibus

358 781 482 825 libris
514 786 607 824 tam
639 781 912 824 deformatae
943 782 1361 838 interpolationibus
1393 788 1443 825 ut
1474 783 1662 839 pristina
1692 783 1841 825 forma
1872 782 2041 825 restitui
2077 796 2167 824 non
2200 781 2350 837 possit.

501 857 899 916 interpolationum
948 859 1085 916 igitur
1126 858 1294 916 gradus
1323 873 1427 903 cum
1460 859 1609 917 plures
1640 859 1732 903 sint
1761 859 1808 903 in
1841 859 1904 910 αδ,
1938 871 2008 907 ro,
2043 872 2107 909 w,
2128 858 2277 916 idque
2309 858 2370 902 ita
2402 863 2451 902 ut
2481 871 2554 916 pa-

359 936 594 994 raphrases
639 935 753 979 aliae
788 936 971 994 gravius
1001 936 1114 980 aliae
1146 936 1288 980 levius
1319 937 1410 980 sint
1440 935 1726 985 deformatae.
1759 950 1924 994 genera
1956 937 2054 994 ipsa
2084 936 2299 980 librorum
2332 950 2420 979 non
2455 949 2554 978 raro

357 1013 442 1056 1106
473 1012 738 1070 discrepant.
773 1014 860 1056 iam
896 1015 1116 1057 Romulea
1147 1015 1344 1058 recensio
1381 1016 1531 1071 paullo
1563 1016 1730 1057 maiore
1761 1014 1926 1063 iudicio
1959 1015 2224 1071 plerumque
2255 1019 2321 1057 est
2352 1015 2554 1056 confecta

357 1116 413 1122 —
445 1091 527 1135 etsi
575 1090 685 1134 haec
731 1091 829 1148 ipsa
875 1105 1008 1149 saepe
1055 1092 1302 1135 incredibili
1349 1092 1526 1136 inscitia
1572 1092 1735 1135 titubat
1767 1117 1834 1134 —.
1869 1105 1920 1136 w
1952 1106 2057 1135 vero
2089 1092 2252 1134 mirum
2287 1092 2333 1134 in
2366 1091 2549 1134 modum

357 1168 584 1211 incondite
629 1173 765 1225 atque
812 1169 1106 1226 inaequaliter
1152 1170 1342 1228 scriptus
1373 1175 1450 1212 est.
1485 1170 1547 1212 ita
1578 1170 1694 1212 inter
1724 1183 1924 1212 summas
1955 1169 2174 1212 sermonis
2205 1169 2367 1212 novicii
2401 1167 2552 1211 sordes

355 1259 488 1301 saepe
518 1246 653 1286 habet
685 1258 736 1287 w
770 1260 886 1286 unus
917 1247 1136 1302 impressa
1167 1247 1389 1302 quaedam
1423 1246 1610 1302 vestigia
1642 1248 1886 1288 vetustatis.
1922 1247 2044 1288 velut
2076 1246 2264 1287 Phaedri
2299 1247 2501 1286 fabulam
2531 1246 2549 1286 1

360 1324 413 1362 19
444 1323 526 1364 etsi
559 1323 611 1362 αδ
641 1325 696 1363 54
731 1329 774 1363 et
804 1335 864 1365 ro
898 1323 915 1364 I
949 1326 976 1362 9
1008 1337 1211 1365 sermone
1250 1337 1337 1364 non
1371 1325 1542 1378 optimo
1573 1323 1649 1364 illo
1680 1324 1876 1378 quidem,
1910 1324 1986 1364 sed
2021 1323 2170 1378 paullo
2203 1324 2352 1364 minus
2384 1323 2551 1363 inculto

357 1397 551 1442 reddunt
596 1413 731 1455 quam
755 1407 758 1412 ⁴
781 1412 833 1443 w
862 1399 884 1442 Ι
921 1401 984 1449 10,
1034 1404 1183 1442 tamen
1224 1414 1341 1442 unus
1372 1400 1441 1443 w¹
1475 1399 1532 1442 ad
1567 1400 1727 1443 vetusti
1761 1399 2078 1457 paraphrastae
2111 1400 2167 1455 (π)
2200 1398 2336 1442 verba
2367 1398 2550 1456 propius

354 1475 525 1518 accedit
572 1474 748 1518 duobus
795 1476 974 1533 quidem
1025 1476 1154 1519 locis:
1202 1490 1251 1520 v.
1304 1478 1325 1520 1
1379 1489 1454 1532 sq.
1505 1478 1674 1519 Habent
1721 1478 1903 1520 iusidias
1948 1477 2129 1519 hominis
2174 1477 2405 1519 blanditiae
2445 1476 2550 1518 mali

354 1553 605 1596 Phaedrus:
639 1554 814 1596 Blando
846 1556 972 1597 rerba
1003 1555 1186 1597 hominis
1216 1555 1490 1611 malv‘sace'un!
1520 1556 1583 1597 vel
1610 1555 1755 1609 ,qravis
1785 1554 2042 1597 invidias
2063 1554 2150 1609 (w¹:
2174 1555 2361 1597 iniurias
2383 1552 2455 1609 w2)
2477 1564 2547 1597 w:

333 1614 512 1674 [blanda
556 1632 681 1674 verba
719 1632 921 1685 pluribus
953 1632 1128 1686 faciunt
1174 1632 1557 1674 contumelias
1604 1632 1655 1672 αδ
1665 1647 1672 1673 :
1721 1632 1879 1674 blanda
1921 1648 1957 1674 v.
1991 1632 2174 1674 hominis
2203 1631 2307 1674 mali
2333 1645 2483 1685 yrares
2504 1631 2546 1686 s.

354 1706 604 1750 iniurias
644 1721 716 1752 ro.
751 1708 787 1750 si
819 1708 1058 1751 contuleris
1102 1708 1350 1751 insidias
1383 1708 1572 1751 Phaedri
1605 1715 1647 1751 et
1679 1708 1934 1751 invidias
1968 1722 2031 1757 w,
2066 1709 2161 1751 iure
2191 1708 2412 1751 coniectes
2443 1709 2487 1750 in
2522 1722 2548 1749 π

353 1788 398 1826 61
428 1784 614 1832 fortasse
647 1784 692 1827 in
725 1784 795 1828 W
827 1785 966 1827 fuisse
997 1785 1266 1834 insidias:
1305 1790 1372 1828 est
1403 1785 1538 1841 igitur
1569 1785 1610 1828 h.
1646 1786 1685 1832 1.,
1721 1791 1770 1828 111
1801 1785 1992 1842 saepiuS,
2026 1798 2077 1828 w
2109 1785 2254 1842 specie
2285 1785 2545 1840 corruptior,

353 1874 400 1903 re
432 1861 615 1918 propius
646 1861 701 1904 ad
737 1876 891 1905 verum
925 1862 1094 1906 aceedit
1125 1877 1262 1918 quam
1295 1863 1383 1907 Ro.
1419 1864 1523 1906 item
1558 1863 1665 1919 quia
1697 1878 1737 1906 v.
1763 1864 1788 1903 8
1811 1868 1878 1906 est
1898 1862 2019 1919 apud
2042 1861 2295 1906 Phaedrum
2318 1863 2548 1919 (tempore)

295 1995 298 2000 Ι
353 1939 429 1981 hoc
443 1950 618 1993 ‘quoque
647 1944 897 1993 omnsumpto,
931 1939 975 1981 in
1011 1952 1063 1982 w
1093 1944 1330 1993 consumto
1351 1940 1517 1993 quidem
1539 1945 1717 1993 tempore
1737 1940 1821 1981 hoc
1843 1940 1992 1996 potius
2014 1940 2059 1981 in
2083 1953 2111 1980 π
2133 1939 2271 1981 fuisse
2293 1938 2544 1995 putandum

352 2027 489 2070 quam
523 2020 602 2057 aut
631 2014 755 2062 illud¹
774 2015 892 2071 quod
926 2021 993 2058 est
1023 2015 1068 2058 in
1102 2015 1154 2056 αδ
1174 2006 1405 2070 *paululum
1431 2021 1526 2071 post
1555 2022 1715 2070 tempus
1745 2020 1823 2058 aut
1854 2016 1973 2072 quod
2009 2017 2052 2057 in
2087 2027 2146 2059 ro
2169 2016 2303 2071 paulo
2329 2021 2425 2070 post
2452 2019 2544 2057 aaa*

346 2106 460 2146 pore.
509 2106 614 2148 ergo
646 2093 790 2136 fuerat
821 2093 926 2136 olim
960 2094 1069 2136 haec·
1102 2093 1314 2136 varietas:
1350 2099 1585 2149 consumpto
1616 2094 1780 2149 quidem
1813 2098 1991 2148 tempore
2022 2108 2049 2135 π
2079 2094 2172 2137 W:
2201 2094 2425 2147 pauladum
2449 2098 2546 2146 post

291 2204 296 2208 ,
352 2169 548 2222 tmpore
596 2170 684 2213 Ro.
735 2185 890 2213 verum
937 2175 1086 2212 tamen
1120 2185 1176 2213 ne
1209 2170 1308 2213 ideo
1339 2170 1492 2213 credas
1525 2171 1693 2223 restitui
1727 2186 1782 2213 ex
1814 2183 1865 2213 w
1898 2185 2026 2226 posse
2060 2171 2314 2212 universam
2350 2174 2541 2212 veterem

352 2245 645 2302 paraphrasin
696 2262 721 2288 π
768 2245 947 2289 fabulae
995 2246 1072 2289 Ph.
1105 2246 1141 2289 'I
1179 2248 1244 2297 19,
1277 2252 1422 2290 cetera
1453 2247 1587 2290 huius
1619 2247 1798 2290 fabulae
1830 2246 1946 2289 idem
1981 2259 2033 2289 w
2065 2246 2208 2302 magis
2239 2246 2372 2289 etiam
2406 2260 2542 2302 quam

353 2322 403 2363 αδ
433 2327 477 2365 61
508 2335 566 2367 ro
600 2324 644 2366 in
693 2324 948 2366 recentioris
985 2325 1204 2367 sermonis
1237 2324 1486 2385 barbariem
1519 2324 1653 2368 habet
1684 2326 2012 2368 transformata.
2047 2323 2240 2380 exempli
2271 2337 2406 2366 causa
2437 2325 2544 2366 satis

350 2404 416 2441 est
446 2400 607 2443 afferre
639 2400 783 2455 prima
817 2401 1083 2443 narrationis
1116 2401 1275 2443 verba:
1314 2401 1447 2444 Cam's
1469 2402 1720 2455 parturiens
1749 2402 1809 2444 ad
1827 2402 2002 2443 alteram
2025 2401 2186 2443 dicebat
2206 2401 2401 2455 alfetum
2421 2415 2541 2444 suam

350 2475 425 2519 vlla
473 2475 514 2530 (i.
563 2490 598 2519 e.
638 2475 738 2523 ibi,
772 2477 815 2519 cl'
845 2476 1042 2531 francog.
1076 2477 1134 2532 ἰὰ)
1166 2477 1319 2520 doleret
1349 2489 1421 2520 w:
1460 2476 1593 2520 Oanis
1618 2477 1863 2532 parturiens
1892 2479 2074 2531 scrofam
2108 2477 2270 2531 royavit
2300 2481 2346 2520 ut
2375 2476 2423 2519 in
2453 2476 2544 2520 eius

349 2552 480 2595 cubile
516 2553 659 2609 foetus
704 2557 921 2607 exponeret
968 2553 1040 2595 αδ;
1090 2553 1209 2596 canis
1248 2553 1498 2608 parturiens
1543 2555 1719 2609 roqabat
1750 2554 1926 2596 alteram
1956 2558 2002 2596 ut
2035 2554 2078 2596 in
2110 2553 2201 2595 eins
2230 2553 2360 2596 cubili
2391 2553 2544 2606 (cubile

349 2629 418 2672 ro'
464 2629 556 2677 rof)
602 2636 819 2683 erponem!
856 2632 993 2685 fisum
1041 2637 1116 2674 1⁸0¹
1147 2631 1323 2687 (foetum
1368 2631 1463 2685 r0¹),
1498 2631 1544 2673 cf
1575 2631 1761 2673 Phaedr.
1797 2631 1814 2672 1
1853 2632 1916 2672 19.
1956 2633 1972 2672 1
2014 2630 2146 2673 Canis
2172 2630 2419 2684 parturiens
2449 2645 2541 2672 cum

349 2710 535 2761 royasset
576 2708 750 2750 alteram
793 2708 849 2751 Ut
868 2709 1006 2763 jeta-m
1039 2708 1147 2762 (PR
1158 2723 1171 2752 .·
1197 2710 1317 2764 setus
1347 2707 1410 2764 D)
1443 2708 1485 2751 in
1517 2709 1607 2752 eius
1637 2708 1803 2761 tuqurio
1834 2708 2060 2763 ‹imnum-et.
2095 2707 2335 2763 integriora
2365 2706 2538 2763 antiqui

350 2783 668 2841 paraphrastae
712 2799 739 2827 π
786 2784 921 2829 verba
958 2785 999 2828 h.
1036 2785 1059 2828 l.
1095 2785 1139 2828 in
1173 2797 1232 2829 ro
1264 2791 1499 2829 servantur
1530 2799 1665 2842 quam
1699 2791 1777 2828 aut
1808 2785 1852 2828 in
1887 2785 1939 2826 αδ
1971 2790 2048 2828 aut
2081 2785 2125 2827 in
2159 2797 2231 2835 w;
2267 2785 2349 2827 nisi
2384 2783 2540 2827 dubito

271 2918 280 2926 -
349 2867 498 2904 utrum
533 2862 666 2905 fuerit
697 2863 741 2905 in
776 2876 803 2904 π
825 2863 945 2919 fetus
975 2864 1053 2918 (316
1086 2863 1137 2905 αδ
1167 2876 1268 2906 611111
1303 2863 1374 2919 D),
1407 2877 1464 2906 an
1488 2864 1626 2919 selum
1658 2862 1791 2919 (quod
1825 2874 1883 2906 ro
1915 2876 2016 2905 611111
2051 2862 2160 2915 PR).

491 2938 796 2991 Quamobrem
830 2938 968 2982 codex
1001 2951 1053 2983 w
1085 2939 1164 2983 etsi
1199 2939 1350 2983 multis
1382 2939 1425 2983 in
1461 2939 1622 2983 fabulis
1655 2939 1819 2996 pariter
1838 2953 1889 2983 ac
1910 2939 1987 2984 Ro
2009 2944 2053 2982 et
2074 2939 2174 2995 plus
2195 2938 2377 2995 quidem
2400 2953 2537 2995 quam

348 3026 406 3058 ro
456 3014 573 3057 valet
618 3015 672 3057 ad
722 3016 1025 3058 recensionem
1073 3016 1249 3071 generis
1282 3030 1319 3060 π.
1364 3021 1512 3059 tamen
1547 3015 1765 3058 minuitur
1795 3015 1993 3057 eiusdem
2029 3016 2219 3071 pretium
2253 3014 2539 3057 incommodo

347 3089 422 3133 illo
468 3089 589 3147 quod
638 3106 843 3134 sermone
881 3098 948 3134 est
979 3091 1108 3135 valde
1140 3092 1362 3135 infuscato
1395 3093 1550 3135 infima
1583 3091 1794 3135 barbarie.
1829 3105 1930 3134 oum
1965 3092 2083 3134 enim
2117 3092 2194 3135 Ro
2225 3092 2444 3134 sermonis
2475 3105 2538 3134 or-

349 3171 501 3210 natum
537 3167 782 3225 quendamr
801 3173 1014 3226 sequatur
1045 3167 1200 3213 rudem
1235 3182 1367 3226 saepe
1399 3169 1522 3213 illum
1557 3168 1739 3226 quidem
1771 3173 1813 3211 et
1847 3168 2047 3225 ineptum
2082 3172 2125 3212 et
2146 3168 2363 3218 fucatum,
2387 3172 2536 3211 tamen

347 3248 397 3287 ut
443 3250 655 3289 caveatur
701 3259 756 3290 ne
805 3246 999 3290 narratio
1046 3247 1167 3290 omni
1206 3247 1326 3291 cultu
1359 3251 1519 3298 careat,
1552 3258 1604 3291 w
1636 3246 1678 3289 in
1716 3246 1919 3302 vulgares
1951 3250 1995 3289 et
2026 3245 2202 3289 infimas
2235 3244 2386 3290 sordes
2418 3246 2537 3304 peni·

349 3321 469 3364 nitus
516 3322 746 3366 demersus
792 3329 869 3366 est.
919 3324 1211 3380 quamobrem
1250 3338 1350 3367 cum
1386 3329 1430 3367 et
1460 3324 1505 3366 in
1537 3324 1613 3367 Ro
1645 3328 1688 3366 et
1718 3323 1763 3365 in
1797 3335 1849 3366 w
1881 3322 2016 3365 verba
2048 3337 2132 3366 usu
2165 3328 2415 3380 postremae
2449 3323 2538 3366 lati-

348 3396 498 3441 nitatis
547 3398 697 3442 minus
744 3400 848 3442 trita
890 3400 1134 3443 tritioribus
1171 3402 1428 3458 frequenter
1459 3401 1547 3443 sint
1579 3405 1763 3449 mutata,
1796 3405 1892 3442 tum
1927 3400 2010 3442 hoc
2043 3400 2237 3442 maxime
2269 3400 2437 3443 factum
2472 3406 2539 3444 est

346 3473 392 3515 in
436 3486 502 3518 w.
550 3476 655 3520 inde
703 3477 844 3520 multa
891 3478 986 3521 eius
1017 3478 1271 3535 peculiaria.
1307 3479 1428 3522 velut
1458 3477 1664 3535 paraphr.
1699 3477 1778 3520 Ph.
1812 3491 1913 3534 app.
1953 3480 1972 3520 l
2009 3492 2087 3534 pro
2119 3476 2194 3521 illo
2226 3482 2383 3533 1696161,
2415 3477 2536 3534 quod
