3198 4058
568 249 628 295 32
724 273 734 279 ⁷
1526 264 1567 303 O.
1594 265 1645 303 M.
1670 265 1828 302 Zander.

711 383 764 417 w
809 372 878 417 IV
922 377 954 417 2
999 372 1141 428 Γήρα
1184 376 1222 415 et
1263 373 1359 428 yda
1404 372 1563 427 riyente
1607 372 1782 428 quidam
1819 371 1997 428 pietatis
2035 386 2166 436 causa
2197 371 2412 417 colubrum
2441 372 2504 416 ad
2529 387 2575 418 aa
2601 373 2773 418 sustulit

568 452 607 492 et
650 448 769 492 intra
814 448 955 492 sinum
1000 463 1123 492 auum
1163 463 1244 504 per
1275 453 1400 493 totam
1431 449 1604 494 hiemem
1626 449 1755 507 fovet.
1788 450 1968 506 resectus
1995 462 2126 505 usque
2155 449 2216 493 ad
2244 453 2405 505 tempus
2434 449 2567 506 coepit
2594 464 2681 495 eene
2708 450 2771 496 in·

568 541 754 570 fumosus
783 551 843 558 —-
872 552 929 558 —-

713 603 764 644 αδ
799 605 820 648 1
835 605 876 648 1.
940 605 1124 659 Friyore
1147 608 1206 648 ·et
1247 606 1342 659 yelu
1373 605 1574 659 riyentem
1604 605 1810 658 quaedam
1834 605 2011 659 pietatis
2041 619 2171 648 cauea
2202 605 2412 648 colubrum
2443 604 2505 648 ad
2531 618 2575 648 ae
2603 604 2780 657 sustulit·
2840 594 2853 613 '

568 686 606 724 et
650 682 697 728 in
742 682 870 724 latere
914 696 989 724 auo
1035 681 1182 724 habuit
1228 687 1266 723 ee
1312 685 1395 723 tota
1441 681 1574 724 hieme
1609 681 1735 737 fovit.
1785 681 1963 738 refectus
1996 695 2127 737 usque
2157 682 2218 724 ad
2244 685 2404 736 tempus
2432 681 2565 735 coepit
2593 694 2680 724 eane
2707 681 2769 724 in-

567 769 757 801 tumos-us*
783 783 841 789 -
871 782 930 790 -

709 844 768 876 ro
814 834 837 877 I
889 834 954 878 10
999 834 1182 887 Friyore
1227 838 1264 877 et
1307 834 1401 887 ,oelu
1442 834 1602 887 riyente
1632 834 1805 887 quidam
1829 834 2006 888 pietatis
2035 850 2166 877 causa
2198 834 2410 877 colubrum
2441 834 2502 876 ad
2529 849 2573 876 se
2601 833 2771 876 mtulit

489 922 495 928 '
564 905 603 953 et
648 911 726 952 sub
771 910 906 953 latera
951 923 1032 953 sua
1078 909 1226 953 habuit
1262 914 1298 952 et
1329 924 1420 952 eum
1452 914 1538 952 tota
1570 910 1701 953 hieme
1722 910 1846 965 fovit.
1880 910 2059 965 resectus
2088 925 2217 965 usque
2247 910 2307 952 ad
2337 914 2495 964 tempus
2525 909 2656 964 coepit
2684 924 2769 952 esse

566 1001 801 1030 tntumosus
831 1011 888 1018 —-
920 1011 977 1017 -

709 1061 801 1104 Nec
833 1075 939 1105 vero
969 1061 1026 1104 ab
1058 1062 1246 1118 antiquo
1279 1061 1570 1118 paraphraste
1602 1060 1682 1117 (n),
1717 1062 1794 1118 qui
1828 1063 2101 1118 praesertim.
2136 1061 2339 1118 religiose
2366 1062 2554 1117 vestigia
2574 1061 2765 1105 Phaedri

565 1152 768 1195 premere
800 1137 970 1190 soleret,
1005 1137 1081 1181 sed
1115 1152 1142 1181 a
1174 1138 1415 1195 posteriore
1446 1138 1504 1195 (π)
1545 1139 1629 1182 hae
1662 1165 1717 1169 —
1750 1152 1865 1195 quae
1897 1139 2079 1195 quidem
2114 1151 2203 1182 non
2237 1139 2343 1183 satis
2375 1139 2630 1196 frequentes
2662 1141 2768 1182 sunt

565 1241 622 1247 —
653 1229 803 1261 rerum
856 1216 1183 1273 discrepantiae
1231 1215 1526 1259 Phaedrianis
1567 1216 1730 1260 fabulis
1762 1231 1857 1259 esse
1890 1215 2099 1260 videntur
2131 1216 2289 1260 illatae.
2324 1216 2488 1260 etenim
2522 1216 2568 1259 in
2601 1216 2767 1273 quibus

564 1292 731 1338 fabulis
767 1291 796 1334 ss
833 1298 1059 1349 superstes
1090 1298 1157 1336 est
1189 1319 1243 1323 —
1277 1293 1322 1335 in
1356 1293 1410 1335 iis
1441 1298 1592 1336 autem
1626 1294 1677 1335 αδ
1708 1293 1832 1336 deest
1864 1320 1919 1325 ——
1952 1294 1987 1336 si
2011 1306 2062 1337 w
2083 1299 2127 1336 et
2147 1306 2206 1337 ro
2229 1294 2362 1336 rebus
2384 1294 2493 1350 ipsis
2514 1307 2542 1336 a
2563 1292 2766 1336 Phaedro

565 1368 824 1422 discordant
873 1368 904 1410 Π
955 1384 1058 1412 cum
1098 1370 1302 1412 Phaedro
1351 1371 1601 1412 consentire
1648 1370 1769 1412 solet.
1804 1371 1866 1412 sic
1898 1370 2129 1413 Phaedrus
2161 1370 2181 1412 I
2218 1372 2231 1412 1
2271 1375 2315 1413 et
2350 1369 2379 1411 ll
2416 1370 2512 1425 (Ad
2544 1371 2586 1424 3)
2618 1369 2763 1412 aliter:

562 1445 691 1488 aliter
721 1445 909 1489 eandem
946 1445 1149 1490 fabulam
1182 1451 1367 1509 narrant
1398 1458 1450 1491 w
1483 1447 1515 1490 Ι
1542 1451 1564 1490 1
1597 1459 1656 1491 ro
1690 1448 1721 1491 I
1746 1449 1802 1499 2,-

708 1522 1753 1581 cfPhIbetl‘l(Aae39):wI7rola;

781 1600 846 1642 Ph
882 1599 960 1642 12
992 1605 1037 1642 et
1072 1598 1102 1640 ll
1139 1600 1219 1655 (Αδ
1251 1601 1341 1656 21);
1375 1612 1427 1643 w
1458 1601 1547 1643 III
1575 1605 1602 1643 7
1633 1612 1691 1644 ro
1724 1602 1782 1643 ΙΙ
1810 1605 1861 1646 1,·

781 1677 848 1719 Ph
883 1676 901 1718 I
934 1678 985 1718 31
1023 1681 1067 1719 et
1100 1675 1131 1717 ll
1168 1677 1249 1733 (Αδ
1281 1678 1370 1732 22);
1404 1688 1456 1721 w
1489 1678 1576 1721 III
1603 1681 1632 1720 8
1662 1688 1720 1722 ro
1752 1679 1813 1721 II
1838 1681 1880 1722 2.

705 1753 785 1797 Est
821 1753 1042 1810 quaedam
1079 1753 1233 1798 fabula
1264 1753 1319 1797 de
1352 1753 1536 1798 bestiola
1569 1759 1612 1798 et
1643 1754 1813 1798 camelo
1844 1768 1960 1812 quae
1992 1754 2037 1798 in
2071 1753 2298 1798 codicibus
2331 1752 2521 1797 Phaedri
2554 1752 2681 1804 desit,
2714 1752 2761 1796 in

562 1831 627 1873 Αδ
657 1844 709 1877 w
741 1842 800 1876 ro
832 1831 1039 1875 varietur.
1075 1845 1271 1889 namque
1303 1831 1348 1874 in
1386 1829 1416 1873 ss
1452 1830 1533 1887 (Αδ
1564 1833 1636 1887 60)
1659 1837 1764 1876 sunt
1785 1831 1982 1876 camelus
2004 1837 2047 1876 et
2067 1832 2209 1881 culex.
2233 1832 2287 1875 cf.
2312 1831 2440 1876 Babr.
2473 1833 2530 1875 84
2552 1831 2652 1875 Aes.
2677 1831 2763 1875 235

564 1909 700 1953 Halm
733 1912 876 1966 κώνωψ
907 1911 978 1951 καὶ
1009 1915 1176 1966 ταῦρος
1210 1909 1255 1952 in
1288 1920 1340 1954 w
1374 1903 1434 1953 IV
1469 1910 1496 1952 3
1528 1921 1586 1954 ro
1620 1909 1683 1953 IV
1722 1911 1773 1952 18
1805 1910 2002 1954 camelus
2033 1914 2078 1953 et
2108 1909 2258 1967 pulex,
2290 1909 2347 1953 cf.
2382 1909 2482 1953 Aes.
2515 1909 2604 1952 426
2627 1909 2762 1966 ψὺλλα

557 1989 628 2029 καὶ
661 1989 770 2042 βοῦς.
803 1990 846 2029 et
877 1987 986 2042 quia
1016 1986 1062 2029 in
1096 1986 1161 2030 Αδ
1193 1988 1250 2029 60
1281 1991 1426 2030 certae
1460 1991 1644 2030 manent
1675 1991 1718 2030 et
1750 1986 1925 2030 numeri
1958 1986 2135 2030 iambici
2169 1989 2213 2030 et
2245 1985 2513 2029 Phaedriani
2541 1984 2761 2029 sermonis

559 2064 787 2120 reliquiae,
835 2064 917 2105 etsi
965 2063 1187 2119 quaedam
1237 2068 1342 2105 sunt
1390 2064 1656 2119 interpolata
1688 2064 1994 2106 contaminata
2024 2063 2267 2112 decurtata,
2301 2068 2450 2105 tamen
2485 2063 2662 2105 videtur
2692 2076 2759 2105 su-

558 2144 726 2196 perstes
759 2139 869 2181 haec
900 2152 997 2181 esse
1029 2139 1185 2181 fabula
1216 2139 1427 2189 Phaedri:
1460 2146 1507 2182 at
1537 2151 1589 2182 w
1622 2140 1683 2182 IV
1718 2142 1745 2181 3
1777 2152 1836 2183 ro
1870 2140 1931 2181 IV
1972 2142 2022 2181 18
2048 2130 2151 2182 cum
2175 2139 2309 2182 simili
2334 2139 2403 2182 vel
2429 2139 2580 2194 potius
2602 2137 2758 2181 eodem

556 2218 650 2258 fere
696 2216 753 2258 sit
793 2221 1060 2271 argumento
1092 2215 1166 2258 illa
1197 2216 1380 2272 quidem
1414 2216 1491 2258 sed
1524 2217 1782 2272 ceteroquin
1815 2221 1858 2259 et
1890 2216 2022 2259 rebus
2054 2220 2098 2259 et
2131 2215 2278 2259 verbis
2311 2215 2542 2272 discrepet,
2575 2214 2760 2270 originis

556 2293 743 2347 vestigia
776 2298 882 2334 sunt
913 2306 1056 2348 paene
1087 2293 1351 2335 oblitterata,

700 2369 926 2420 Quoniam
976 2369 1112 2425 igitur
1143 2369 1553 2412 demonstravimus
1591 2370 1700 2412 haec
1732 2371 1816 2412 tria
1846 2383 2012 2425 genera
2043 2370 2094 2410 αδ
2105 2375 2170 2415 ,et
2201 2380 2258 2412 ro
2291 2374 2335 2411 et
2365 2380 2417 2412 w
2448 2373 2538 2420 aut,
2571 2381 2674 2410 cum
2708 2368 2761 2409 αδ

554 2446 689 2494 deest,
739 2447 830 2489 duo
876 2447 950 2489 illa
996 2458 1056 2489 ro
1103 2452 1147 2488 et
1192 2459 1243 2489 w
1290 2461 1412 2491 esse
1459 2453 1660 2503 cognata,
1707 2448 1962 2504 proximum
1997 2452 2063 2490 est
2095 2451 2145 2489 ut
2176 2460 2446 2502 quaeramus
2478 2445 2758 2501 quomodo

553 2530 744 2579 cognata
775 2525 876 2566 sint.

697 2601 897 2644 Primum
932 2601 1068 2657 igitur
1089 2601 1303 2657 quoniam
1330 2606 1542 2657 quattuor
1563 2601 1818 2644 fabularum
1843 2602 2136 2657 archetypum
2162 2601 2355 2657 exempli
2378 2614 2513 2642 causa
2535 2604 2756 2656 quantum

554 2679 645 2720 fieri
692 2677 864 2728 licebat,
898 2678 1128 2720 restituere
1159 2678 1304 2720 conati
1350 2693 1507 2720 sumus
1539 2693 1593 2720 ex
1627 2679 1678 2719 αδ
1709 2684 1753 2720 et
1784 2691 1835 2721 w
1867 2684 1911 2721 et
1941 2690 2013 2728 ro,
2048 2691 2169 2720 nunc
2200 2678 2358 2720 horum
2393 2678 2609 2720 librorum
2641 2691 2755 2720 com-

553 2756 726 2813 paratio
774 2756 818 2798 in
857 2755 943 2797 illis
991 2755 1153 2798 fabulis
1202 2756 1262 2798 ita
1299 2756 1550 2798 versabitur
1582 2761 1631 2798 ut
1664 2756 1859 2811 primum
1892 2757 2136 2798 afferamus
2168 2769 2220 2798 ea
2252 2755 2416 2811 quibus
2450 2755 2502 2796 αδ
2533 2759 2577 2797 et
2607 2766 2666 2798 ro
2698 2756 2758 2811 (et

552 2832 639 2888 π’)
686 2834 747 2876 ita
793 2833 1077 2876 consentiant
1124 2837 1173 2875 ut
1203 2847 1229 2875 a
1276 2833 1345 2876 w¹
1380 2833 1645 2889 discrepent,
1694 2832 1854 2875 deinde
1902 2832 2067 2890 quibus
2099 2832 2168 2875 w¹
2201 2838 2245 2875 et
2276 2845 2335 2876 ro
2366 2833 2423 2875 ab
2456 2833 2527 2883 αδ;
2560 2832 2755 2888 denique

551 2909 718 2966 quibus
750 2910 818 2953 w¹
851 2915 895 2953 et
926 2910 979 2951 αδ
1010 2910 1309 2953 communiter
1341 2909 1593 2967 discrepent
1624 2910 1681 2953 ab
1713 2922 1784 2954 ro.

693 2987 917 3031 Phaedri
962 2988 997 3032 1.
1045 2989 1080 3031 6
1125 2987 1371 3043 paraphr.
1434 2989 1468 3032 Ι.
1537 2989 1636 3031 His
1683 2989 1734 3029 αδ
1779 2993 1826 3031 e!
1855 2999 1914 3032 ro
1947 2989 2014 3041 (et
2045 2988 2136 3039 π’)
2166 2989 2196 3031 i.
2229 3002 2260 3031 e.
2295 2989 2372 3032 Ro
2404 2988 2756 3031 communiter

550 3065 872 3120 discrepant
917 3080 945 3109 a
976 3065 1061 3109 w¹.
1111 3064 1289 3121 sapiens
1311 3065 1362 3107 αδ
1394 3077 1471 3109 ro:
1507 3066 1710 3122 Aesopus
1742 3078 1805 3109 w.
1841 3091 1895 3096 —-
1929 3064 2081 3109 audite
2112 3064 2277 3122 gaudia
2309 3071 2455 3109 vestra
2489 3066 2539 3106 αδ
2570 3077 2654 3109 ro:
2689 3080 2752 3108 om

550 3153 614 3187 w.
648 3167 704 3173 ———
739 3141 880 3186 voluit
912 3142 964 3184 αδ
995 3153 1077 3186 ro:
1125 3156 1227 3185 cum
1263 3142 1394 3186 vellet
1433 3154 1497 3186 w.
1531 3168 1587 3173 -
1619 3142 1766 3185 omnis
1811 3142 1932 3186 natio
1964 3141 2194 3186 interdixit
2225 3147 2268 3186 et
2299 3143 2351 3185 αδ
2381 3154 2467 3187 ro:
2501 3158 2564 3187 om
2597 3154 2660 3187 w.
2696 3169 2751 3173 -—-

551 3219 760 3264 convitiis
793 3220 845 3261 αδ
875 3231 957 3263 ro:
996 3220 1209 3263 conviciis
1241 3232 1304 3263 w.
1339 3245 1395 3251 -—
1428 3234 1585 3262 causas
1619 3220 1723 3276 αδ(“.))
1755 3231 1831 3264 ro:
1866 3234 2049 3263 causam
2071 3232 2134 3264 w.
2160 3246 2213 3250 —
2238 3221 2301 3263 ait
2324 3221 2374 3262 αδ
2395 3232 2479 3265 ro:
2505 3219 2661 3276 inquid
2685 3232 2749 3263 w.

549 3322 605 3328 ——
629 3302 680 3340 ut
711 3297 887 3340 deficiat
918 3297 1066 3340 omnis
1100 3302 1258 3340 natura
1291 3297 1343 3339 αδ
1374 3309 1454 3342 ro:
1490 3312 1643 3342 verum
1679 3298 1796 3353 cogit
1827 3298 1980 3341 omnia
2012 3302 2159 3354 petere
2191 3311 2254 3341 w.
2297 3324 2337 3328 -
2378 3313 2480 3340 cum
2504 3297 2568 3340 sol
2592 3297 2644 3338 αδ
2669 3308 2748 3340 ro.

548 3388 651 3418 cuni
686 3386 750 3418 w.
785 3400 839 3405 —-
875 3374 987 3417 filios
1020 3373 1072 3416 αδ
1103 3385 1162 3418 ro
1195 3373 1288 3417 w²z
1324 3373 1463 3417 filium
1497 3374 1581 3418 w¹.
1616 3401 1687 3421 —-.

715 3451 771 3495 II.
835 3464 886 3495 w
919 3463 1000 3495 ro:
1035 3451 1098 3493 αδ.
1132 3450 1230 3493 illos
1263 3478 1318 3482 —
1350 3452 1497 3508 coepit
1526 3464 1578 3496 w
1610 3464 1692 3496 ro:
1727 3467 1791 3495 om
1823 3453 1887 3497 αδ.
1920 3478 1974 3483 -

692 3529 770 3572 111.
834 3529 903 3573 w¹
938 3529 1011 3572 αδ;
1044 3540 1117 3573 ro.
1150 3530 1235 3573 illis
1268 3530 1337 3574 w¹
1371 3530 1446 3572 αδ;
1479 3530 1536 3573 ab
1568 3530 1654 3574 illis
1686 3542 1744 3574 ro
1776 3532 1846 3586 (ex
1879 3530 1904 3574 i.
1939 3530 2037 3587 π’).
2081 3557 2137 3562 ——
