3198 4058
0 0 142 57 ev
236 24 241 36 2

472 877 720 922 Frequentius
745 882 831 913 utor
856 877 916 912 his
941 877 1067 920 siglis:

328 941 371 975 A
398 954 441 966 =
468 939 640 982 Aesopus
666 937 806 972 latinus
834 938 890 983 yel
918 937 1068 971 fabulae
1095 937 1233 970 latinae
1259 947 1334 970 non
1360 940 1463 970 ortae
1490 946 1510 969 a
1539 936 1724 969 Phaedro.

330 996 383 1032 Aa
411 1013 452 1027 =
480 997 631 1033 fabula-e
657 997 931 1032 Ademarianae
957 996 1105 1040 generis
1134 993 1176 1032 ll.

329 1055 373 1092 αδ
413 1073 453 1087 =
549 1086 563 1101 ‚‚
785 1085 799 1100 ,,
962 1056 1138 1100 reliquae.

329 1115 426 1154 Αδαδ
455 1132 495 1147 =
523 1117 694 1152 collectio
719 1117 932 1152 fabularum
958 1116 1143 1160 quaedam
1171 1115 1270 1151 unde
1296 1115 1508 1160 descriptus
1536 1118 1591 1150 est
1618 1115 1703 1151 Ad.

327 1179 403 1214 Ad
430 1191 471 1204 =
499 1177 617 1211 codex
656 1176 832 1210 Ademari
871 1176 960 1209 olim
997 1175 1277 1209 Lemovicensis
1305 1185 1405 1208 nunc
1431 1174 1694 1218 Lugdunensis
1724 1174 1933 1207 Vossianus
1961 1174 2022 1206 lat.
2050 1174 2080 1202 0
2113 1173 2163 1205 15.
2191 1171 2310 1215 ipsius
2336 1170 2475 1203 codicis
2502 1180 2525 1202 a

542 1237 732 1279 praefecto
769 1236 1021 1268 bibliothecae
1060 1235 1324 1276 Lugdunensis
1363 1235 1525 1276 benigne
1562 1234 1667 1266 missi
1695 1234 1807 1266 verba
1834 1233 2029 1275 exscripsi.
2056 1232 2184 1265 seditio
2211 1231 2393 1273 impressa
2404 1232 2526 1273 extat·
2565 1251 2569 1254 -

543 1294 698 1328 Nilantii
738 1294 853 1336 Lugd.
881 1293 1088 1333 M1)CGIX;
1114 1293 1323 1327 Nilantium
1350 1293 1549 1336 exscripsit
1577 1292 1786 1326 Herviosus
1814 1292 1870 1325 vel
1902 1290 2089 1324 Here-icus
2112 1289 2162 1324 lea
2186 1287 2390 1323 Fabulistes
2414 1286 2526 1322 latins

542 1358 568 1388 t.
594 1351 647 1387 11²
675 1353 736 1386 131
767 1352 859 1395 sqq].

329 1414 425 1449 Aes
453 1427 492 1440 Ξ
521 1412 694 1455 Aesopus
721 1421 875 1453 graecus
902 1411 959 1444 ed.
988 1410 1112 1443 Halm.

329 1473 396 1507 Ba
423 1486 466 1499 =
493 1470 667 1510 Babrius;
694 1472 770 1505 Av
797 1484 837 1497 =
867 1469 1054 1507 Avianus:
1082 1470 1148 1504 Bo
1177 1469 1232 1502 vel
1260 1470 1358 1504 Bod
1386 1483 1428 1496 =
1456 1469 1530 1502 fah.
1558 1469 1731 1502 Babrian.
1751 1467 1991 1511 paraphrasis
2019 1466 2223 1500 Bodleiana
2248 1464 2305 1499 ed.
2324 1466 2366 1498 Ο.
2388 1462 2522 1497 Knoell

544 1529 706 1563 Vindob.
733 1527 1098 1562 MDCCCLXXVII.

329 1592 425 1626 Dos
452 1605 494 1618 z
521 1589 672 1623 fabulae
709 1589 873 1622 insertae
911 1587 1241 1621 Hcrmeneumatis
1282 1587 1526 1621 I's.-l)osithei
1565 1588 1662 1621 (ῊΙ,
1699 1588 1753 1620 111
1790 1587 1836 1620 ed
1863 1588 1993 1619 (loom.
2043 1587 2057 1620 l
2087 1599 2125 1612 z
2154 1596 2199 1618 ex
2228 1584 2307 1618 cmi.
2337 1581 2521 1619 Leidensi,

600 1663 640 1676 =
668 1659 714 1682 ex
742 1648 822 1682 cod.
850 1647 1032 1682 Parisino.

332 1706 358 1741 ΙΙ
390 1724 432 1737 =
459 1708 721 1743 Phaedrianne
747 1708 996 1752 paraphrases
1023 1706 1165 1751 priores
1274 1706 1332 1740 vel
1361 1706 1519 1740 Phaedri
1548 1706 1812 1750 paraphrastes
1840 1705 1952 1749 prior.

330 1781 351 1802 π
387 1784 431 1797 =
580 1796 594 1810 ‚‚
855 1795 869 1806 .
1023 1765 1248 1810 posteriores
1296 1794 1309 1808 ,
1437 1794 1450 1808 ,,
1673 1796 1685 1804 ..
1844 1764 2038 1809 posterior.

330 1827 375 1859 *π
404 1841 443 1855 =
473 1825 589 1860 Phlht
615 1830 652 1860 et
678 1828 708 1859 A
736 1827 1026 1860 contaminatae.

328 1888 397 1923 Ro
426 1901 465 1914 =
494 1885 678 1920 Romulus
707 1900 747 1913 =
776 1883 820 1918 αδ
853 1889 885 1925 -4-
918 1895 981 1921 ro.

328 1956 380 1981 ro
408 1961 450 1973 =
478 1945 660 1979 Romulus
700 1945 873 1987 vulgaris.
924 1945 1004 1977 eius
1044 1945 1158 1977 verba
1195 1945 1311 1977 affero
1337 1956 1382 1977 ex
1410 1946 1444 1978 B
1473 1958 1514 1971 =
1542 1945 1669 1977 codice
1698 1945 1910 1977 Burneiano
1936 1943 2054 1976 Musei
2085 1942 2301 1978 Britannici,
2330 1941 2517 1974 interdum

542 2003 654 2038 etiam
684 2023 725 2026 -
753 2002 853 2045 quod
891 2014 1040 2045 quoque
1078 2002 1159 2037 loco
1195 2002 1419 2037 nominatim
1458 2002 1535 2036 ‹lixi
1565 2023 1606 2026 -—
1634 2014 1679 2036 ex
1707 2003 1740 2037 1²·
1770 2018 1812 2030 z
1839 2002 1966 2036 codice
2000 2001 2216 2035 Florentino
2253 1999 2516 2034 Laurentiano.

542 2063 623 2096 cod.
650 2063 680 2095 B
705 2062 796 2095 ed«l.·
815 2062 1043 2095 Oesterleius
1070 2066 1105 2095 et
1135 2061 1342 2095 Herviosus
1368 2062 1563 2105 momulus
1590 2062 1647 2095 ed.
1675 2062 1867 2105 Oesterley
1896 2061 2057 2094 Berolini
2078 2059 2355 2094 MDCCGLXX
2373 2063 2410 2092 et
2431 2057 2518 2091 Her-

543 2121 650 2156 vieuoe
686 2121 735 2156 les
773 2119 974 2155 Fabulistes
1010 2120 1121 2155 latins
1145 2125 1234 2157 tom.
1271 2122 1285 2155 l
1313 2127 1347 2156 et
1376 2122 1423 2155 ΙΙ.
1476 2121 1626 2155 Parisiis
1652 2121 1708 2155 ed.
1737 2122 1770 2155 11
1800 2120 2222 2158 MDCCCXGI[l--IV2⁸
2250 2118 2330 2153 eod.
2359 2118 2386 2152 F
2413 2117 2512 2152 idem

512 2227 514 2229 Ι
543 2182 750 2216 Herviosus
775 2182 811 2224 (l.
838 2182 891 2219 c.)
941 2182 1014 2224 (rol.
1043 2181 1096 2216 roh
1124 2196 1163 2208 Σ
1193 2181 1375 2215 Romulus
1402 2182 1637 2215 Burneianus
1666 2181 1721 2215 vel
1751 2180 2039 2215 Loncliniensis:
2068 2179 2134 2224 rof
2153 2195 2194 2207 -—-
2215 2180 2321 2213 Rom.
2344 2177 2520 2212 Florenti-

543 2253 635 2281 nus;
662 2248 717 2276 ror
744 2257 786 2269 Ξ
813 2242 997 2275 Romulus
1024 2240 1276 2280 oxoniensis).

333 2301 375 2335 W
405 2315 443 2328 z
473 2300 588 2336 editio
614 2300 798 2344 quaedam
826 2300 974 2343 generis
1003 2299 1083 2340 π*π,
1111 2299 1210 2334 unde
1236 2299 1448 2344 descriptus
1475 2304 1530 2334 est

332 2372 361 2393 w
390 2376 432 2387 z
459 2361 539 2393 eod.
578 2361 667 2392 olim
707 2361 1071 2402 XVissemburgensis
1111 2371 1210 2392 nunc
1250 2360 1555 2403 Welferbytanus
1594 2360 1658 2392 145
1696 2360 1793 2391 Gud.
1820 2360 1926 2391 vuius
1953 2359 2091 2390 codicis
2118 2359 2377 2400 apographum
2405 2348 2519 2389 edidit

544 2421 751 2452 Herviosus
788 2421 824 2460 (l.
863 2420 916 2457 (a),
952 2420 1052 2460 quod
1079 2420 1336 2460 apographum
1364 2419 1653 2460 diligentissime
1680 2420 1815 2451 fecerat
1846 2419 1882 2451 in
1909 2419 1989 2451 eius
2018 2430 2126 2450 usum
2155 2418 2366 2458 praefectus
2394 2416 2521 2448 biblio-

542 2480 673 2514 thecae
700 2479 1004 2524 welferbytanae
1031 2482 1061 2511 ()
1087 2480 1134 2513 «le
1154 2478 1393 2513 Heinemann
1419 2486 1467 2521 (v.
1497 2479 1607 2513 Herv.
1636 2482 1724 2513 tom.
1753 2478 1766 2512 1
1798 2490 1831 2522 p.
1858 2479 1950 2513 2⁸2.
2000 2479 2073 2519 (W
2093 2476 2299 2512 maium-ula
2319 2475 2440 2511 littera
2461 2486 2522 2510 no-

542 2538 617 2573 tavi
657 2550 941 2582 nonnumquam
981 2538 1160 2573 lectiones
1198 2538 1337 2573 codicis
1374 2548 1418 2574 w
1456 2549 1541 2573 cum
1574 2537 1742 2572 Phaedro
1768 2537 2047 2572 consentientes
2074 2548 2166 2580 «pias
2194 2535 2387 2579 probabile
2413 2538 2514 2569 esset

543 2599 660 2631 fuisse.
686 2599 724 2631 in
751 2599 789 2630 in
817 2597 902 2640 W).

328 2658 404 2699 Ph,
429 2658 616 2693 Phaedr.
645 2672 687 2685 =
715 2657 919 2692 Phaedrus.

471 2792 569 2835 Hac
600 2793 975 2835 commentatione
1007 2792 1316 2847 disputaturus
1348 2807 1448 2835 sum
1482 2791 1536 2835 dc
1570 2792 1787 2834 thesauris
1819 2791 2143 2847 antiquissimis
2177 2791 2430 2833 fabularum
2466 2792 2521 2833 la—

329 2869 523 2912 tinarum
571 2868 715 2911 soluta
760 2869 957 2911 oratione
1004 2869 1282 2924 scriptarum.
1318 2884 1510 2924 quarum
1543 2868 1756 2924 quoniam
1790 2868 1931 2910 multo
1965 2868 2104 2910 maior
2137 2882 2238 2923 pars
2270 2867 2523 2910 continetur

330 2947 721 3002 paraphrastarum
755 2946 919 2989 fabulis
951 2961 977 2988 a
1009 2946 1211 2988 Phaedro
1242 2947 1360 2989 ortis.
1396 2960 1512 3002 quae
1544 2947 1580 2989 si
1603 2952 1883 3001 comparatae
1905 2952 2036 2988 erunt
2058 2960 2162 2988 cum
2185 2944 2388 2987 Phaedro
2410 2946 2519 3001 ipso.

331 3023 522 3065 inultum
564 3023 668 3066 inde
706 3024 815 3066 lucis
847 3024 1056 3065 afferetur
1087 3022 1142 3064 ad
1177 3023 1570 3078 paraphrastarum
1606 3023 1795 3065 rationes
1828 3028 1870 3064 et
1901 3023 2187 3077 cognationes
2221 3022 2521 3069 illustrandas,

330 3099 439 3142 haec
470 3098 713 3155 disputatio
745 3100 994 3143 versabitur
1025 3099 1071 3141 in
1102 3099 1156 3142 iis
1188 3098 1354 3142 fabulis
1386 3114 1502 3154 quae
1535 3104 1640 3142 sunt
1670 3099 1805 3142 etiam
1839 3100 1884 3141 in
1913 3099 2138 3142 codicibus
2162 3098 2364 3141 Phaedri.
2399 3099 2520 3155 quod

329 3177 365 3218 si
398 3176 526 3219 nobis
558 3177 790 3232 contigerit
821 3183 871 3219 ut
902 3177 985 3219 hac
1007 3176 1381 3218 commentatione
1402 3177 1676 3232 explicemus
1699 3177 1780 3218 hoc
1803 3176 1923 3232 quod
1947 3190 2067 3219 nunc
2091 3175 2218 3218 nobis
2241 3177 2518 3232 propositum

329 3259 406 3302 est,
441 3254 503 3296 sic
535 3254 838 3297 instructiores
860 3268 910 3296 ac
943 3254 1184 3309 paratiores
1217 3254 1450 3296 veniemus
1481 3254 1537 3296 ad
1570 3253 1689 3295 illam
1723 3268 1860 3309 quam
1894 3259 1993 3308 post
2023 3253 2265 3309 aliquando
2288 3254 2518 3297 instituere

327 3331 576 3385 cogitamus
608 3332 913 3386 quaestionem
946 3330 1000 3373 de
1032 3330 1117 3373 illis
1150 3330 1315 3389 fabuljs
1347 3346 1462 3386 quae
1496 3346 1585 3373 non
1618 3331 1769 3373 insunt
1803 3331 1848 3373 in
1885 3330 2071 3374 Phaedri
2104 3330 2343 3374 codicibus.

469 3407 602 3452 Nunc
647 3409 782 3466 igitur
827 3408 881 3452 de
927 3407 981 3451 iis
1027 3407 1420 3465 paraphrastarum
1467 3407 1629 3452 fabulis
1675 3423 1790 3466 quae
1827 3414 1932 3453 sunt
1968 3410 2012 3453 in
2048 3408 2235 3453 Phaedri
2269 3408 2508 3456 codicibus,

325 3499 517 3542 quarum
550 3492 839 3543 conspectum
871 3486 1051 3531 brevem
1082 3487 1194 3530 haec
1224 3486 1377 3531 tabula
1407 3486 1542 3531 dabit.
