3198 4058
614 249 676 292 4ο
695 317 699 321 ¹
724 290 727 301 ,
807 245 811 248 ’
1564 264 1606 300 c.
1631 264 1683 299 M.
1709 263 1869 299 zader.

1267 376 1616 489 {Praefaffio
1651 396 2182 480 paraphrastes&

1303 550 1488 559 .....
1523 515 1735 572 magistro
1766 514 1886 559 Rufo
1917 515 2120 559 salutem.

757 628 978 685 (Aesopi)
1014 630 1277 672 memoriam
1310 628 1388 671 tibi
1421 627 1593 671 tradam
1627 628 1853 672 carissime
1884 628 2013 672 Rufe.
2049 629 2159 672 meis
2190 628 2464 672 membranis
2494 627 2656 671 habeto
2678 628 2811 684 scrip·

613 711 704 748 tam
737 721 781 749 eo
812 705 1007 750 candore
1037 720 1124 762 quo
1156 707 1338 749 mereris
1369 721 1396 748 a
1428 721 1510 749 me.
1545 706 1722 762 suscipe
1753 695 1925 749 donuin
1957 712 2008 749 ut
2039 705 2281 763 pretiosum
2311 705 2481 748 labium
2502 705 2624 765 saxis
2645 704 2810 749 diversi

612 781 771 825 coloris
816 787 1038 830 ornatum,
1087 782 1208 839 quod
1257 797 1346 825 non
1394 782 1536 839 putris
1581 788 1778 825 vetustas
1817 782 1984 840 perdat.
2019 788 2062 825 et
2092 783 2265 825 utinam
2287 781 2459 826 .laetent
2488 782 2551 825 ita
2580 787 2632 825 ut
2662 781 2813 838 legant

612 858 848 915 fabula<e>
898 858 1015 902 docti
1063 858 1268 915 longaevi
1317 860 1602 902 memoriam:
1652 859 1687 901 si
1736 865 1886 902 tamen
1933 860 2012 902 tibi
2064 860 2208 916 placet
2253 859 2468 916 Aesopus‚
2507 859 2635 901 cuius
2666 858 2811 902 colore

613 935 813 990 pingitur
858 936 1060 978 varietas.
1108 937 1340 990 composui
1388 936 1519 978 libros
1566 936 1728 990 Aesopi
1762 936 2017 982 fabularum
2052 936 2266 992 quinque.
2301 961 2358 966 —
2393 955 2446 966 ἡ
2479 960 2535 966 --
2578 960 2625 966 -
2656 949 2813 978 omnes

611 1011 816 1056 homines
861 1012 990 1056 docet
1035 1012 1334 1056 calumniosos
1378 1013 1546 1060 timere,
1586 1018 1789 1070 potentes
1825 1018 2032 1064 metuere,
2065 1012 2304 1056 iniuriosos
2336 1017 2634 1063 contemnere,
2671 1011 2811 1056 malos

577 1102 667 1131 ἠε
713 1090 814 1145 quis
860 1089 1022 1134 credat.
1073 1090 1236 1131 blanda
1284 1090 1419 1132 verba
1467 1091 1615 1147 potius
1662 1105 1756 1132 esse
1803 1076 2002 1132 cavenda
2034 1104 2170 1146 quam
2204 1104 2363 1146 aspera
2392 1095 2436 1132 et
2467 1094 2614 1132 cetera
2646 1089 2804 1133 multa.

611 1165 729 1208 bona
774 1172 819 1209 et
867 1166 995 1214 mala,
1047 1192 1102 1197 —
1150 1192 1206 1198 -—
1242 1192 1294 1197 —
1328 1168 1576 1211 calumnia-s
1611 1168 1842 1212 malorum.
1877 1172 2143 1223 argumenta
2180 1165 2486 1224 improborum
2523 1171 2566 1210 et
2604 1166 2806 1210 miserias

613 1236 769 1286 inultis
811 1243 1026 1286 indicavit
1073 1244 1141 1287 his
1185 1244 1402 1299 exemplis
1434 1244 1634 1300 scriptas.
1670 1244 1852 1287 inducit,
1872 1259 1978 1286 aves
2011 1243 2190 1286 arbores
2221 1249 2265 1286 et
2298 1232 2459 1286 bestias
2491 1234 2723 1300 loquentes
2760 1269 2808 1274 —

1118 1445 1163 1470 w
2127 1445 2179 1469 ro
2204 1434 2270 1476 (lv
2296 1433 2342 1468 23
2368 1433 2432 1475 in.)

876 1492 1061 1528 INCIPIT
1087 1494 1235 1527 LIBER
1262 1494 1403 1528 Ysol‘l

797 1552 1050 1586 MAGISTRO
1076 1552 1209 1586 RUFO
1225 1565 1251 1589 s.
1266 1552 1370 1586 AEs(
1381 1552 1484 1586 ›PUs

894 1600 949 1632 SA
1113 1600 1176 1633 LU
1233 1590 1243 1622 l
1317 1599 1419 1633 TEM

1937 1552 2189 1587 MAGISTRO
2215 1552 2347 1587 RUFO
2361 1550 2383 1593 Ἰ·
2397 1551 2615 1586 AESOPUS

704 1657 925 1692 Memoriam
964 1657 1032 1692 tibi
1072 1658 1217 1692 tradam
1257 1658 1451 1692 carissime
1478 1660 1562 1692 rufo
1590 1670 1673 1692 mea
1709 1661 1711 1687 ἒ
1843 1658 2063 1693 Memoriam
2113 1658 2181 1693 tibi
2233 1658 2391 1693 traalam.
2429 1657 2623 1692 carissime
2674 1657 2805 1692 RUFE

607 1716 840 1751 membranis
867 1717 1005 1751 habeto
1030 1717 1172 1761 scripta
1196 1717 1396 1751 candorem
1424 1729 1499 1760 quo
1518 1718 1672 1758 mereris

606 1786 629 1809 a
666 1786 727 1809 me
764 1776 915 1820 suscipe
952 1777 1095 1809 donum
1128 1780 1170 1810 ut
1195 1777 1360 1821 pretiosa
1385 1776 1476 1810 libia
1500 1787 1594 1810 saxu
1622 1777 1671 1810 ‹li-
1708 1790 1709 1794 ¹

606 1834 728 1869 uersis
761 1835 951 1871 coloribus
977 1846 1164 1870 marmora
1189 1846 1270 1879 quo
1297 1847 1372 1870 non
1400 1835 1542 1879 puteris
1570 1839 1657 1871 netu

604 1897 684 1928 stas
722 1894 856 1939 perdat
891 1897 958 1929 aut
994 1898 1032 1929 et
1069 1895 1213 1929 utinam
1246 1895 1374 1930 ledant
1399 1895 1451 1929 ita
1477 1899 1519 1930 ut
1544 1895 1671 1938 legant

604 1954 736 1988 fabula
759 1954 860 1989 docti
887 1954 1060 1996 longaeui
1088 1955 1308 1989 memoriam
1333 1955 1364 1988 si
1392 1958 1520 1989 tamen
1548 1956 1670 1998 placet

604 2022 745 2057 esopus
770 2012 839 2047 tibi
865 2013 974 2048 cuius
999 2013 1123 2048 colore
1153 2013 1321 2058 pingitur
1346 2014 1509 2049 uarietas
1536 2026 1669 2058 conpo-

603 2071 664 2106 sui
691 2071 775 2106 libri
802 2071 930 2116 aesopi
957 2059 1170 2107 fabularum
1198 2072 1365 2116 quinque
1391 2084 1524 2107 omnes
1553 2073 1668 2107 homi-

606 2141 673 2163 nes
709 2130 820 2164 docet
856 2130 1112 2165 calumniosos
1142 2131 1274 2165 timere
1300 2135 1474 2175 potentes
1502 2135 1669 2166 metuere

604 2189 809 2224 iniuriosus
826 2192 1070 2224 contemnere
1088 2190 1207 2224 malos
1228 2191 1372 2233 nequis
1387 2191 1515 2225 credat
1530 2191 1669 2225 blanda
1704 2234 1706 2238 .

605 2249 721 2282 uerba
745 2259 880 2282 cauere
907 2249 1007 2282 bona
1031 2253 1069 2283 et
1086 2249 1186 2282 mala
1203 2254 1238 2283 et
1257 2254 1379 2284 cetera
1399 2254 1437 2283 et
1456 2250 1575 2284 multa
1592 2250 1668 2284 alia

604 2307 678 2342 iam
704 2307 845 2343 docens
872 2308 933 2342 hic
955 2308 1141 2352 exemplis
1160 2309 1339 2352 scriptam
1360 2309 1558 2352 loquentes
1577 2310 1668 2343 adro

603 2371 694 2410 gant
719 2367 837 2402 uerba
863 2377 930 2412 per
955 2367 1115 2402 fabulas.

863 2450 1097 2486 EXPLICIT
1122 2451 1217 2486 PRA
1223 2452 1379 2486 EFATI(
1391 2455 1412 2486 ).

1709 1718 1710 1728 ¹
1746 1729 1868 1752 meam
1897 1717 2127 1752 membranis
2154 1717 2292 1751 habeto
2316 1717 2496 1761 scriptam
2522 1720 2561 1751 et
2585 1716 2625 1750 in
2642 1716 2805 1751 candore
2849 1765 2856 1772 ι

1745 1777 1845 1820 quod
1872 1776 2026 1811 mereris
2051 1786 2074 1810 a
2100 1787 2170 1810 me.
2196 1775 2347 1820 suscipe
2372 1775 2516 1810 donum
2541 1778 2583 1810 ut
2600 1775 2807 1819 pretiosum

1746 1836 1885 1870 labium
1913 1835 2016 1869 saxis
2041 1835 2180 1869 diversi
2207 1834 2342 1868 coloris
2367 1837 2542 1868 ornatum

1771 1895 1834 1931 τοι
1857 1895 1929 1935 (cx.
1952 1893 2096 1940 praef.)
2134 1907 2806 1918 ———————————

1745 1956 1916 1998 Aesopus
1944 1973 1986 1978 -
2015 1973 2056 1978 -—
2085 1953 2230 1987 inducit
2254 1963 2345 1987 aues
2371 1953 2523 1986 arbores
2549 1956 2588 1986 et
2610 1952 2752 1986 bestias
2770 1956 2808 1986 et

1744 2024 1879 2057 pecora
1916 2013 2113 2056 loquentes
2153 2032 2195 2036 —
2224 2032 2265 2036 m
2300 2031 2342 2036 —-
2380 2011 2533 2055 scripsit
2570 2011 2807 2055 calumpnias

1744 2073 1927 2106 malorum
1954 2075 2177 2114 argumenta
2202 2071 2458 2115 improborum
2477 2071 2617 2104 docens
2635 2070 2806 2104 infirmos

1743 2143 1826 2165 esse
1865 2130 2027 2165 humiles
2067 2130 2183 2164 uerba
2213 2129 2351 2164 blanda
2377 2128 2503 2173 potius
2529 2139 2662 2163 cauere
2688 2132 2728 2163 et
2751 2140 2807 2163 ce-

1742 2195 1822 2224 tera
1849 2190 1967 2224 multa
1991 2193 2029 2223 et
2055 2189 2226 2223 miserias
2249 2189 2298 2230 (ὃ)
2323 2188 2383 2222 his
2408 2188 2594 2232 exemplis
2619 2188 2780 2232 scriptis.

1742 2255 1809 2285 ro‘
1835 2249 1898 2292 (ccc
1930 2247 2074 2293 praef).
2126 2249 2274 2292 Esopus
2306 2247 2510 2282 introducit
2535 2258 2626 2281 oves
2652 2246 2804 2281 arbores

1742 2313 1780 2343 et
1806 2309 1946 2343 bestias
1973 2308 2169 2352 loquentes
2197 2328 2238 2331 —
2267 2327 2309 2331 —
2341 2327 2382 2330 —-
2400 2306 2553 2350 scripsit
2570 2306 2806 2350 calumpnias

1743 2367 1926 2403 malorum
1963 2370 2185 2412 argumenta
2222 2366 2407 2402 bonorum
2445 2365 2585 2401 docens
2611 2368 2649 2400 et
2674 2365 2803 2401 firmos

1741 2439 1824 2461 esse
1851 2427 2014 2461 humiles
2039 2431 2078 2461 et
2101 2427 2217 2465 uerba
2232 2426 2371 2460 blanda
2389 2425 2514 2470 potius
2532 2436 2616 2461 esse
2633 2426 2803 2462 cauenda

1741 2498 1851 2530 quam
1879 2497 2013 2530 aspera
2037 2490 2076 2520 et
2101 2485 2230 2519 multis
2260 2485 2442 2519 indicavit
2465 2488 2504 2518 et
2530 2485 2701 2519 miserias
2727 2485 2801 2519 hiis

1740 2546 1926 2590 exemplis
1951 2546 2125 2589 scriptas.

743 2647 811 2681 Ea.
844 2655 961 2688 quae
993 2647 1148 2682 addidi
1173 2648 1464 2684 includuntur
1489 2651 1529 2692 τῇ
1558 2645 1661 2692 διπλῇ
1694 2646 1709 2687 <
1752 2647 1781 2691 >,
1809 2656 1926 2690 quae
1952 2646 2130 2683 mutavi
2156 2646 2380 2682 notantur
2403 2645 2569 2681 litteris
2595 2645 2804 2688 obliquis.

603 2705 646 2740 2.
686 2704 870 2738 labium
890 2718 929 2732 =
947 2705 1105 2746 labrum,
1145 2702 1287 2750 λουτὴρ,
1328 2717 1392 2740 vas
1421 2707 1553 2747 maius,
1579 2708 1738 2743 com-lia:
1782 2718 1814 2740 ν.
1843 2707 1992 2740 Ιίῦιιευίι
2020 2705 2152 2748 Symb.
2180 2705 2376 2738 semar-1101.
2401 2705 2454 2746 (L.
2485 2704 2589 2744 1889)
2616 2715 2650 2747 p.
2676 2704 2733 2738 39.
2760 2724 2803 2729 -

603 2764 646 2798 3.
674 2762 840 2807 putris
879 2767 1132 2805 vetustas,
1171 2764 1209 2797 cf
1248 2764 1402 2799 phaedr.
1430 2776 1515 2809 app.
1542 2765 1598 2799 31.
1626 2765 1648 2797 6
1675 2763 1735 2799 En
1761 2766 1889 2799 cuncta
1914 2762 2041 2799 levita-3
2062 2761 2187 2807 putris
2211 2764 2246 2797 et
2272 2761 2377 2798 volito
2402 2761 2506 2798 cinis.
2536 2782 2577 2786 —
2598 2762 2805 2812 'lactent

602 2821 623 2854 i.
642 2832 674 2855 e.
692 2821 892 2863 delectent,
919 2821 1056 2863 gaudio
1082 2822 1250 2856 afficiant
1276 2827 1324 2856 te.
1347 2843 1385 2846 —
1416 2824 1585 2864 legant
1610 2823 1831 2867 posteritati.
1862 2842 1893 2846 -
1923 2824 1966 2858 5.
1994 2822 2245 2856 varietas.
2279 2822 2316 2856 cf
2342 2821 2500 2856 Phaedr.
2527 2822 2563 2856 11
2591 2832 2645 2866 pr.
2674 2823 2727 2861 1ος
2750 2822 2804 2857 IV

600 2879 656 2912 34.
683 2879 717 2912 2.
745 2899 786 2902 Ἀ
815 2879 1074 2922 composui
1103 2879 1262 2913 libros
1291 2881 1331 2914 A.
1360 2882 1384 2914 f.
1411 2893 1432 2924 q
1447 2881 1599 2925 uinqu
1611 2894 1642 2915 c.
1670 2882 1739 2915 hac
1765 2881 1847 2925 ipsa
1874 2893 1912 2915 re
1938 2881 2205 2925 paraphrastes
2234 2880 2271 2914 id
2289 2880 2390 2924 quod
2407 2884 2487 2915 erat
2507 2892 2566 2924 ap.
2587 2881 2799 2916 Phaedrum

600 2938 714 2972 anxie
739 2938 973 2975 observavit:
1001 2938 1040 2972 cf
1065 2938 1234 2972 Avianus
1261 2941 1376 2981 praef.
1405 2939 1593 2973 Phaedrus
1622 2960 1661 2963 —
1688 2940 1856 2982 (Aesopi)
1875 2941 2020 2982 partem
2047 2938 2208 2982 aliquam
2225 2938 2382 2982 quinque
2400 2938 2440 2972 in
2456 2938 2566 2973 libros
2583 2939 2738 2972 resolvit.
2759 2958 2799 2963 Μ

601 2997 645 3030 6.
671 2995 1036 3037 calumniosos,
1063 2997 1101 3029 cf
1125 2997 1281 3030 Pbaedr.
1310 2997 1345 3030 ΙΙ
1375 3007 1426 3040 pr.
1457 2998 1516 3037 1ος
1546 2998 1595 3031 IV
1622 2997 1678 3031 34.
1705 2997 1743 3038 *ἐς
1770 2998 1799 3031 Ι.
1829 2997 1881 3030 18.
1914 3015 1951 3020 —-
1981 2993 2236 3040 poten‘tes:
2265 2996 2422 3031 Phaedr.
2450 2996 2525 3031 15.
2554 2996 2666 3034 1:24.
2688 2996 2801 3035 1:30.

603 3056 636 3093 l;
665 3055 701 3088 11
728 3055 761 3088 6.
792 3055 820 3088 1.
861 3075 889 3077 ἡ
919 3055 1200 3089 iniuriosus
1226 3059 1567 3089 contemnere:
1598 3057 1753 3091 I'haedr.
1781 3067 1866 3098 app.
1896 3056 1946 3088 [v
1973 3056 2031 3088 31.
2057 3057 2079 3087 8
2105 3055 2236 3088 calvus
2255 3066 2407 3089 muscae
2425 3056 2646 3090 iniuriosae:
2676 3058 2708 3089 te
2725 3066 2802 3089 con-

601 3112 726 3158 tempti
747 3112 890 3158 generis
914 3113 1054 3148 animal
1079 3113 1292 3157 improbum.
1321 3135 1350 3137 —
1392 3115 1547 3148 malos
1575 3126 1629 3148 no
1655 3115 1766 3157 quis
1793 3114 1982 3152 credat:
2013 3114 2170 3148 phaedr.
2197 3125 2272 3157 app
2296 3115 2330 3149 8.
2360 3115 2402 3148 15
2428 3115 2541 3150 malos
2557 3117 2689 3155 cavete,
2706 3114 2801 3149 nulli

598 3171 754 3207 nimium
780 3171 922 3207 credite.
951 3192 991 3194 —
1022 3171 1064 3208 7.
1091 3172 1273 3207 blanda
1299 3183 1331 3207 v.
1362 3191 1402 3195 v—
1432 3184 1490 3206 —z
1522 3172 1677 3207 Phaodr.
1708 3173 1721 3207 Ι
1751 3172 1802 3206 19.
1835 3173 1862 3206 1.
1892 3191 1933 3195 —-
1961 3171 2088 3206 bona
2112 3175 2157 3206 et
2185 3172 2329 3206 mala:
2358 3172 2517 3207 Pliaedr.
2544 3172 2561 3207 1
2584 3172 2617 3207 ⁸2.
2636 3172 2682 3207 29
2703 3170 2803 3217 Quia

599 3230 767 3264 noluistis
792 3233 949 3264 vestrum
966 3230 1087 3275 ferre,
1113 3230 1244 3274 inquit,
1270 3232 1363 3263 bon
1377 3243 1398 3263 u
1412 3243 1468 3271 ln,
1498 3232 1673 3264 malum
1697 3231 1868 3274 perferte.
1897 3250 1938 3253 —-
1968 3232 2010 3264 8.
2037 3231 2123 3263 cal.
2151 3231 2328 3264 malon:
2349 3232 2506 3265 Phaedr.
2527 3232 2582 3265 111
2605 3232 2658 3265 10.
2676 3231 2733 3264 42.
2755 3249 2797 3254 —

598 3293 891 3332 argumenta
931 3289 989 3324 im
1004 3290 1206 3333 probor:
1248 3290 1404 3324 Pliaedr.
1446 3290 1494 3324 [v
1534 3292 1566 3324 8.
1597 3292 1618 3324 2
1648 3289 1912 3324 Mordaciorem
1937 3289 2000 3333 qui
2026 3290 2254 3332 improbo
2278 3289 2382 3323 dente
2405 3289 2546 3334 adpetit
2569 3289 2633 3323 hoc
2657 3300 2797 3332 argu-

598 3353 763 3384 mento
799 3359 836 3384 se
871 3348 1025 3384 describi
1060 3348 1203 3384 sentiat.
1246 3370 1284 3373 Ν
1325 3349 1558 3384 miserias
1597 3348 1754 3384 Phaedr.
1781 3360 1867 3393 app.
1895 3347 1926 3384 7.
1954 3347 1974 3383 4
1999 3347 2183 3393 (Sisyphi)
2207 3360 2338 3384 mecm
2366 3369 2407 3374 —
2434 3347 2590 3385 ostendit
2614 3347 2802 3385 hominum

596 3408 674 3444 sinc
691 3409 769 3453 fine
810 3418 928 3444 <esses
969 3407 1144 3443 miserias.
1185 3427 1225 3431 -ν
1267 3409 1310 3443 9.
1349 3408 1615 3452 exemplis:
1655 3407 1830 3442 similiter
1861 3407 2026 3452 loquitur
2065 3407 2225 3442 Phaedr.
2266 3408 2301 3442 ll
2329 3418 2383 3453 pr.
2412 3407 2449 3450 13
2478 3407 2508 3442 1.
2534 3406 2568 3442 3.
2593 3406 2616 3441 3
2641 3407 2802 3452 aliisque

598 3469 700 3502 locis.
729 3488 770 3491 —
799 3479 865 3502 av.
891 3469 1097 3502 arbores
1123 3472 1170 3502 et
1195 3468 1230 3502 b.
1257 3468 1302 3501 lo
1312 3480 1357 3512 q.:
1386 3468 1544 3502 Phaedr.
1572 3468 1587 3502 Ι
1615 3479 1658 3512 pr
1683 3469 1705 3501 6
1730 3467 1824 3512 quod
1847 3467 1992 3503 arbores
2015 3467 2225 3513 loquantur,
2252 3478 2324 3503 non
2350 3465 2636 3512 moimmserae;
2664 3468 2800 3503 Aviani

598 3530 714 3571 praef.
740 3533 834 3562 extr.
860 3528 958 3572 loqui
983 3539 1064 3563 vero
1089 3529 1313 3569 arbores,
1340 3529 1474 3561 feras
1501 3539 1582 3562 cum
1606 3527 1810 3562 hominibus
1831 3539 1982 3572 yemere,
2012 3527 2126 3561 verbis
2155 3530 2293 3561 certa-re
2320 3539 2340 3561 v
2352 3528 2552 3560 olueres
2570 3526 2742 3572 fecimus.
