3198 4058
597 302 651 342 14
711 320 718 324 '
1579 315 1619 349 C.
1646 316 1696 349 M.
1722 315 1879 349 Zander.

592 430 643 461 w
688 418 803 461 duae
841 418 1053 475 vulpinae
1086 419 1267 462 fabulae
1302 431 1353 462 w
1385 418 1427 461 Il
1461 421 1487 461 2
1519 424 1564 461 et
1595 420 1634 469 3,
1669 434 1784 475 quae
1815 400 2081 476 separantur
2113 420 2267 462 fabula
2299 420 2346 462 in
2380 419 2571 463 Phaedri
2604 419 2716 462 libro
2748 419 2792 463 I:

593 495 673 538 Ph.
709 495 726 536 Ι
761 496 817 537 28
849 500 894 538 61
925 496 995 545 26;
1029 495 1144 538 duae
1177 495 1366 537 caninae
1398 496 1636 538 continuae
1668 495 1751 539 Ad
1783 498 1834 537 31
1871 496 2076 545 6132111
2100 495 2303 539 Phaedro
2325 495 2508 539 eaedem
2530 500 2796 552 separantur

595 570 773 613 fabula:
808 571 888 612 Ph.
924 570 1033 613 Lab
1065 576 1109 612 et
1140 572 1208 612 27.
2091 620 2099 630 s

739 646 909 689 Verum
958 655 1121 695 tamen.
1172 653 1390 703 quantum
1443 648 1497 690 de
1545 663 1592 690 re
1625 653 1715 691 tam
1750 637 2189 703 incerta'possumus
2225 648 2434 697 iudicare,
2468 660 2520 691 w
2551 648 2608 690 ab
2639 648 2795 690 ordine

594 724 780 779 pristino
829 725 1014 780 propius
1062 724 1239 767 videtur
1284 725 1439 767 abesse
1487 739 1625 780 quam
1672 729 1750 767 aut
1782 736 1839 767 ro
1872 730 1950 767 aut
1980 724 2063 767 Ad
2094 724 2134 779 (i.
2170 739 2205 767 6.
2244 725 2384 781 Αδαδ).
2450 738 2553 767 nam
2588 725 2665 781 qui
2698 739 2794 767 mos

592 806 659 843 cst
704 801 1101 857 paraphrastarum
1153 807 1201 843 ut
1249 807 1430 857 propter
1477 801 1816 844 similitudinem
1865 802 2092 857 quandam
2143 816 2275 857 saepe
2311 803 2588 857 coniungant
2619 802 2795 846 fabulas

593 891 707 934 quae
739 892 766 920 a
800 877 1003 921 Phaedro
1036 884 1310 934 separentur,
1344 878 1388 921 id
1421 879 1466 921 in
1501 891 1552 922 w
1585 879 1634 921 fit
1668 879 1844 934 parcius
1867 878 2215 934 modestiusque,
2242 877 2621 921 Pseudoromulus
2643 884 2793 921 autem

590 954 795 996 licentius
843 955 933 1010 egit
979 955 1085 997 dum
1137 969 1226 997 non
1277 955 1409 997 modo
1458 970 1607 998 veram
1659 955 1910 1011 argumenti
1943 955 2282 998 similitudinem
2316 955 2519 1011 sequitur
2550 955 2626 998 sed
2659 955 2793 998 etiam

592 1032 785 1087 speciem
820 1032 1141 1074 similitudinis.
1193 1037 1241 1074 ut
1272 1032 1388 1074 duae
1419 1033 1645 1088 aquilinae
1683 1032 1759 1074 sed
1793 1033 2048 1088 ceteroquin
2084 1046 2171 1074 non
2207 1032 2374 1075 similes
2406 1032 2493 1076 Ph.
2528 1032 2547 1074 I
2581 1034 2636 1075 28
2668 1045 2720 1076 w
2754 1032 2793 1074 ΙΙ

592 1110 617 1150 2
665 1113 708 1151 61
754 1109 845 1152 Ph.
894 1108 935 1150 ΙΙ
984 1111 1009 1150 (ἰ
1055 1121 1106 1152 w
1140 1108 1180 1150 II
1213 1110 1240 1149 ἵ)
1274 1110 1417 1151 factae
1451 1115 1557 1152 sunt
1588 1110 1633 1152 in
1666 1110 1743 1153 Ro
1776 1109 2036 1152 continuae:
2070 1121 2129 1153 ro
2162 1109 2181 1151 I
2220 1111 2271 1151 13
2305 1108 2339 1151 F
2372 1113 2415 1152 et
2451 1111 2503 1151 14
2537 1109 2571 1151 F
2602 1109 2637 1165 (Ι
2675 1110 2727 1151 13
2760 1108 2794 1150 F

582 1204 645 1239 ⁶=
681 1184 721 1226 II
768 1186 793 1226 8
827 1184 900 1240 B);
951 1184 1131 1227 fabulae
1165 1186 1264 1228 illae
1298 1186 1352 1228 de
1386 1185 1736 1241 parturientibus
1769 1185 1911 1228 scrofa
1944 1190 1987 1227 et
2019 1190 2170 1228 monte
2202 1199 2302 1227 cum
2338 1185 2400 1227 ita
2432 1185 2477 1227 in
2511 1197 2562 1228 w
2596 1185 2659 1227 IV
2691 1188 2720 1227 4
2752 1190 2795 1227 et

597 1263 650 1303 19
683 1267 732 1304 ut
763 1261 884 1318 apud
919 1261 1174 1305 Phaedrum
1208 1277 1298 1319 app
1336 1264 1387 1305 19
1419 1267 1462 1305 et
1498 1262 1557 1305 [V
1592 1263 1648 1305 23
1680 1262 1914 1305 intervallo
1946 1267 2223 1318 separentur,
2257 1263 2302 1305 in
2335 1274 2394 1306 ro
2420 1262 2510 1305 114
2531 1267 2575 1305 et
2595 1264 2623 1305 5
2646 1263 2793 1318 inepte

593 1339 953 1394 coniunguntur;
990 1353 1077 1382 non
1113 1340 1264 1382 minus
1297 1340 1446 1396 inepte
1478 1340 1630 1382 fabula
1652 1340 1705 1382 de
1730 1341 1864 1396 vulpe
1887 1344 1931 1383 et
1952 1354 2143 1396 persona
2164 1339 2265 1395 (Ph.
2292 1339 2355 1382 1ss
2378 1340 2420 1394 6)
2443 1339 2487 1382 111
2511 1351 2570 1383 ro
2593 1340 2795 1395 sequitur

595 1415 790 1457 fabulam
829 1415 884 1457 de
917 1415 1051 1472 vulpe
1085 1421 1127 1457 et
1158 1416 1330 1458 ciconia
1362 1416 1462 1470 (Ph.
1499 1416 1515 1458 I
1550 1418 1633 1471 ⁴2⁴5),
1668 1418 1713 1458 in
1747 1428 1798 1459 w
1830 1430 1919 1458 non
1954 1415 2072 1459 item.
2098 1415 2254 1458 eadem
2279 1415 2428 1458 iudicii
2454 1416 2673 1472 pravitate
2694 1430 2793 1459 con-

594 1493 830 1534 tinuantur
861 1493 906 1534 in
943 1504 1002 1536 ro
1036 1493 1212 1536 fabulae
1246 1493 1300 1536 de
1333 1494 1494 1536 iuvene
1526 1497 1706 1536 amante
1739 1493 1842 1550 (app
1876 1494 1931 1535 29
1962 1505 2013 1536 w
2038 1492 2098 1535 IV
2131 1496 2164 1547 1)
2187 1498 2230 1535 61
2251 1492 2306 1535 (16
2329 1493 2491 1536 iuvene
2514 1494 2793 1549 iuvencoque

595 1569 817 1612 ferocibus
850 1571 954 1626 (app
992 1571 1043 1612 12
1076 1582 1127 1612 w
1147 1563 1222 1612 'IV
1262 1571 1341 1625 15).
1376 1574 1420 1612 at
1454 1584 1557 1612 vera
1590 1570 1881 1612 similitudine
1913 1570 2165 1624 argumenti
2200 1570 2375 1625 cognati
2412 1569 2590 1612 fabulae
2612 1570 2793 1612 coniun-

587 1650 757 1699 guntur
789 1657 847 1688 ro
883 1645 898 1686 Ι
933 1648 960 1686 9
992 1651 1036 1687 et
1072 1648 1137 1695 10,
1171 1660 1272 1687 611111
1308 1646 1426 1702 apud
1461 1647 1547 1689 Ph.
1582 1651 1625 1688 61
1658 1647 1700 1688 111
1735 1658 1786 1688 w
1819 1645 1956 1688 altera
1990 1646 2045 1688 sit
2078 1646 2207 1701 primi
2243 1645 2354 1692 libri,
2389 1646 2528 1688 altera
2558 1646 2718 1701 quarti,
2751 1637 2797 1687 ot'

590 1721 645 1762 de
678 1722 834 1763 amicis
867 1722 1017 1763 infidis
1050 1734 1108 1765 ro
1144 1723 1203 1764 III
1239 1724 1265 1764 3
1298 1728 1340 1765 61
1371 1725 1410 1764 4.

734 1799 825 1840 Iam
877 1800 947 1841 W
979 1799 1180 1841 ordinem
1226 1799 1431 1841 editionis
1465 1813 1491 1840 π
1526 1813 1578 1840 60
1611 1799 1787 1841 facilius
1820 1799 1965 1855 potnit
1997 1799 2184 1840 retinere
2217 1797 2336 1854 quod
2371 1798 2515 1841 nullas
2550 1797 2705 1841 habuit
2741 1824 2789 1828 v<

596 1875 717 1930 quod
751 1875 958 1917 videmus
991 1889 1044 1917 ex
1078 1887 1130 1918 w
1163 1901 1218 1906 ——
1252 1876 1335 1917 nisi
1370 1875 1547 1917 fabulas
1578 1875 1753 1929 generis
1786 1889 1836 1926 π;
1869 1876 1946 1919 Ro
1978 1880 2203 1918 111116111-
2232 1874 2351 1931 quod
2378 1879 2563 1931 apparet
2583 1888 2637 1917 ex
2662 1875 2713 1916 αδ
2733 1886 2792 1919 ro

587 1977 642 1980 —
675 1952 784 1994 alias
817 1966 1011 2008 quoque.
2101 1931 2112 1943 f

735 2029 788 2071 Et
834 2030 942 2085 quia
989 2043 1070 2071 sua
1117 2030 1160 2071 in
1205 2030 1308 2071 sede
1342 2030 1592 2085 prologum.
1638 2029 1682 2071 in
1718 2044 1799 2072 sua
1830 2028 2055 2085 epilogum
2092 2029 2252 2071 veteris
2285 2029 2402 2071 illius
2434 2043 2462 2069 π
2494 2029 2675 2085 reliquit
2706 2029 2787 2080 W,

585 2107 662 2148 Ro
713 2106 918 2148 confudit
966 2112 1009 2148 ct
1057 2106 1263 2151 turbavit.
1309 2106 1363 2147 dc
1397 2121 1488 2161 qua
1522 2121 1565 2147 re
1599 2111 1698 2161 post
1731 2105 1894 2154 videro,
1929 2121 1982 2147 ex
2018 2106 2101 2166 hoc
2135 2107 2231 2161 ipso
2263 2107 2561 2147 coniecturam
2598 2106 2790 2148 facimus

587 2183 844 2224 universam
877 2183 1024 2238 operis
1057 2183 1425 2237 compositionem
1463 2183 1604 2237 magis
1639 2183 1683 2223 111
1716 2183 1793 2225 Ro
1825 2196 1920 2223 esse
1954 2183 2189 2224 turbatam.

730 2244 914 2300 Accedit
960 2258 1093 2315 quod,
1147 2265 1194 2300 ut
1238 2259 1427 2300 Phaedri
1464 2259 1605 2314 ipsius
1638 2272 1763 2314 opus,
1798 2259 1925 2300 cuius
1958 2259 2175 2301 rei'testis
2208 2264 2274 2300 est
2307 2259 2508 2301 Avianus
2540 2258 2585 2300 in
2620 2259 2789 2314 praefa-

584 2337 717 2385 tione,
766 2332 828 2376 ita'
872 2337 940 2378 W
989 2336 1146 2377 habuit
1195 2336 1418 2391 habetque
1466 2347 1518 2378 w
1551 2335 1727 2377 fabulas
1765 2349 1843 2392 per
1874 2334 2076 2392 quinque
2110 2334 2244 2377 libros
2277 2334 2548 2380 distributas,
2583 2335 2786 2378 Romulei

586 2413 783 2467 corporis
831 2413 991 2454 divisio
1039 2417 1104 2454 est
1149 2413 1449 2468 quaternaria.
1484 2426 1599 2468 quae
1633 2426 1721 2453 non
1757 2412 1801 2452 in
1834 2412 2045 2453 omnibus
2078 2412 2200 2454 libris
2233 2411 2413 2454 Romuli
2448 2412 2643 2466 vulgaris
2675 2412 2716 2466 (i.
2750 2426 2785 2453 6.

586 2490 659 2543 ro)
709 2493 870 2531 manet.
920 2489 1255 2545 quaternarium
1306 2488 1423 2530 enim
1475 2502 1714 2530 numerum
1758 2489 1953 2531 servavit
2001 2488 2220 2530 Romulus
2260 2488 2553 2537 Burneianus,
2604 2503 2783 2530 omnem

590 2566 724 2608 huius
755 2566 931 2620 generis
964 2565 1229 2608 divisionem
1264 2566 1540 2607 sustulerunt
1572 2565 1788 2607 editiones
1820 2564 1945 2614 aliae,
1980 2566 2222 2607 ternarium
2258 2580 2497 2607 numerum
2531 2565 2666 2607 habet
2697 2565 2784 2606 Flo-

585 2643 801 2685 rentinus.
852 2642 970 2699 quod
1023 2642 1160 2697 igitur
1208 2642 1558 2685 l'seudoromulo
1608 2642 1666 2684 1111
1707 2648 1801 2684 erat
1834 2643 2110 2697 propositum
2146 2648 2195 2683 111
2227 2658 2280 2683 ex
2313 2644 2514 2697 quinque
2548 2643 2669 2684 libris
2702 2643 2785 2684 edi-

584 2719 718 2763 tionis
767 2734 793 2761 π
840 2724 883 2763 61
929 2719 1112 2763 adiectis
1148 2718 1312 2763 sabulis
1345 2718 1615 2776 qnibusdam
1651 2719 1806 2762 alienis
1839 2720 2074 2762 conficeret
2105 2718 2240 2761 libros
2274 2719 2527 2762 fabularum
2562 2724 2785 2775 quattuor,

585 2796 629 2838 id
677 2811 779 2839 cum
830 2796 1044 2839 nimirum
1084 2797 1294 2852 perficere
1328 2810 1416 2838 non
1452 2801 1601 2852 posset
1635 2796 1719 2839 nisi
1755 2796 1915 2838 l'abulis
1947 2810 2000 2838 ex
2036 2795 2147 2838 libro
2180 2796 2266 2838 alio
2299 2796 2342 2838 in
2377 2795 2515 2838 alium
2548 2795 2785 2845 translatis,

585 2887 676 2915 rem
728 2874 789 2915 sic
822 2873 1015 2916 instituit
1048 2878 1095 2915 ut
1129 2874 1393 2929 plerumque
1427 2872 1621 2928 plurium
1659 2873 1910 2915 fabularum
1947 2865 2104 2914 serieni
2139 2874 2409 2921 transferret,
2444 2873 2669 2915 interdum
2703 2874 2783 2915 sin-

584 2950 712 3005 gulas
746 2956 927 3007 propter
960 2951 1027 2994 vel
1062 2950 1401 2993 similitudinem
1438 2953 1506 2993 vel
1539 2950 1731 3007 speciem
1766 2950 2081 2994 similitudinis,

727 3028 821 3069 Iam
864 3028 946 3071 Ad
978 3028 1034 3070 ad
1068 3039 1126 3070 ro
1160 3028 1362 3083 proxime
1395 3027 1564 3069 accedit
1597 3027 1850 3069 fabularum
1885 3027 2184 3069 collocatione.
2220 3026 2341 3081 quod
2374 3027 2522 3069 statim
2557 3027 2683 3069 initio
2714 3040 2785 3082 ap-

589 3109 724 3161 paret.
776 3118 880 3147 nam
930 3103 1083 3148 fabula
1130 3102 1194 3147 de
1241 3103 1398 3160 pullo
1430 3108 1482 3147 et
1529 3104 1839 3160 margarita
1875 3104 1920 3146 in
1955 3117 2006 3147 w
2039 3103 2208 3154 ultima,
2244 3104 2287 3146 in
2322 3103 2405 3147 Ad
2436 3117 2495 3147 ro
2528 3109 2594 3146 651
2626 3104 2782 3160 prima.

592 3182 856 3226 videbamus
889 3187 1039 3225 auten]
1075 3196 1115 3238 p.
1156 3183 1219 3225 13.
1278 3182 1360 3226 Ad
1392 3186 1594 3225 constare
1627 3196 1680 3224 ex
1714 3181 1888 3224 duabus
1920 3180 2254 3224 collectionibus
2287 3181 2556 3231 fabularum,
2591 3196 2681 3223 una
2712 3195 2786 3223 an-

589 3260 765 3315 tiquore
798 3260 873 3303 Αδ.
908 3259 1046 3302 altera
1079 3258 1320 3302 recentiore
1354 3258 1415 3303 αδ,
1450 3257 1520 3301 his
1552 3257 1688 3313 igitur
1718 3258 1762 3301 in
1798 3273 1937 3301 unum
1972 3257 2220 3301 coniunctis
2252 3258 2525 3313 compositus
2558 3258 2645 3300 fuit
2676 3256 2788 3299 liber

585 3335 658 3379 ille
707 3335 839 3383 Αδαδ,
889 3336 1017 3378 cuius
1055 3334 1367 3390 apographum
1402 3340 1467 3377 est
1498 3334 1592 3382 Ad,
1627 3334 1865 3388 generibus
1898 3335 1966 3376 his
2000 3335 2057 3376 ita
2092 3335 2244 3376 mixtis
2276 3339 2326 3375 ut
2357 3334 2511 3375 eadem
2547 3333 2695 3374 fabula
2730 3324 2807 3374 ne‘

582 3416 865 3470 repeteretur.
916 3426 1021 3456 nam
1072 3412 1107 3455 si
1157 3426 1248 3468 qua
1285 3411 1437 3455 sabula
1469 3416 1563 3455 erat
1595 3417 1638 3455 et
1670 3412 1714 3454 in
1751 3412 1814 3455 Αδ
1846 3417 1886 3454 61
1920 3411 1963 3454 111
2000 3412 2061 3459 αδ,
2096 3427 2148 3454 611
2180 3428 2233 3454 ex
2270 3413 2333 3454 Αδ
2365 3411 2647 3468 potissimum
2683 3412 2783 3453 reci-

583 3489 788 3546 piebatur
820 3494 864 3532 et
894 3490 950 3532 in
984 3489 1169 3532 locum
1202 3489 1447 3532 alterius
1479 3489 1708 3545 quidem
1744 3494 1802 3532 ut
1832 3489 2121 3543 generalis
2153 3489 2289 3531 ordo
2322 3488 2459 3531 libri
2493 3487 2544 3530 αδ
2576 3488 2783 3530 retine-

585 3572 744 3610 retur
789 3567 1059 3609 intermixtis
1102 3572 1250 3609 tamen
1300 3567 1353 3608 iis
1386 3567 1548 3608 fabulis
1580 3581 1697 3622 quae
1729 3567 1913 3608 deerant
1945 3566 2058 3609 libro
2091 3567 2152 3608 αδ.
2187 3571 2282 3608 erat
2313 3570 2463 3608 autem
2498 3564 2550 3606 αδ
2581 3564 2692 3607 liber
2721 3565 2783 3608 fa·
