3198 4058
928 308 983 343 De
1008 307 1208 352 generibus
1234 312 1272 343 et
1296 307 1401 343 libris
1427 307 1713 352 paraphrasium
1739 307 2071 343 Phaedrianarum.
2546 294 2602 336 ⁴25

552 414 609 456 Et
639 428 695 456 ne
727 413 802 455 illa
833 413 1017 469 quidem
1048 413 1111 455 de
1143 413 1303 455 asino
1335 417 1387 455 et
1418 412 1578 455 leone
1612 413 1765 455 fabula
1795 428 1910 469 quae
1942 420 2008 455 est
2038 427 2097 457 ro
2131 415 2193 456 IV
2229 417 2283 457 10
2306 414 2483 457 videtur
2503 420 2601 456 orta

408 471 504 535 esse
525 506 553 533 a
583 491 657 533 Ph
689 491 708 532 I
747 492 810 532 ll.
843 491 964 547 apud
999 490 1250 532 Phaedrum
1283 491 1404 532 euim
1438 504 1606 532 venans
1640 490 1706 532 leo
1738 492 1864 533 asino
1898 492 2035 533 utitur
2067 493 2285 541 ministro,
2320 504 2455 548 quem
2480 491 2603 532 iubet

409 583 516 611 voce
549 567 721 610 territas
754 568 871 610 feras
903 582 927 610 e
960 566 1153 610 latibulis
1185 567 1398 616 excitare;
1436 567 1557 622 apud
1591 567 1834 628 Romulum
1867 573 2015 610 autem
2055 583 2198 623 neque
2231 569 2321 610 ulla
2353 569 2401 611 fit
2434 568 2601 610 mentio

408 643 657 697 venationis
691 658 770 687 uec
801 643 989 700 imperio
1020 643 1160 687 leonis
1193 657 1345 686 vocem
1380 642 1492 686 tollit
1523 643 1687 690 asinus,
1719 643 1797 695 sed
1838 658 1918 686 sua
1950 650 2107 699 sponte
2140 650 2184 687 et
2214 629 2447 700 gloriandi
2464 658 2601 687 causa

408 735 509 765 cum
559 721 673 764 forte
721 720 834 764 leoni
883 720 1042 764 fuisset
1087 719 1258 764 obvius.
1308 733 1482 763 mecum
1531 719 1585 763 de
1633 721 1701 763 his
1741 720 1904 763 fabulis
1937 721 2157 763 consentit
2190 721 2293 763 Luc.
2332 720 2515 764 Mueller
2546 720 2601 763 de

408 783 598 841 Phaedri
630 797 736 841 fabi.
771 812 813 853 p.
853 799 903 840 18
936 797 1011 841 sed
1045 812 1124 841 cur
1156 798 1216 841 ita
1246 797 1409 841 sentiat
1441 812 1528 840 non
1563 796 1701 840 docet.
1800 846 1803 850 f

550 874 653 918 Luc.
689 873 874 925 Mueller
915 874 938 916 l.
974 889 1007 917 c.
1043 873 1257 929 sagaciter
1290 874 1460 917 invenit
1492 873 1611 928 quod
1645 874 1813 940 feratur
1845 874 2139 928 praemissum
2175 873 2350 916 fabulae
2383 874 2437 917 de
2472 874 2598 916 leone

407 956 620 1008 regnante
670 950 746 994 Ph.
787 950 849 994 IV
897 952 946 994 13
991 950 1297 1008 promythium
1333 950 1525 997 «Utilius
1555 950 1716 995 homini
1748 950 1855 994 nihil
1886 955 1944 993 est
1975 966 2100 1006 quam
2134 956 2236 994 recto
2267 951 2415 1006 loqui.»
2486 951 2595 994 Pro-

407 1029 550 1073 banda
594 1029 753 1074 cunctis
797 1034 855 1073 est
900 1029 1065 1085 quidem
1110 1029 1314 1073 sententia
1363 1029 1446 1073 Sed
1488 1029 1546 1073 ad
1572 1028 1800 1083 per-niciam
1831 1028 1903 1083 aqi
1935 1029 2039 1072 soles
2069 1028 2306 1075 sinceritas.
2344 1028 2384 1071 id
2420 1044 2508 1071 non
2542 1027 2597 1072 ad

406 1105 527 1148 illam
551 1104 750 1148 fabulam
783 1120 910 1160 posse
942 1106 1159 1162 pertinere
1181 1104 1258 1148 sed
1281 1105 1336 1148 ad
1360 1105 1560 1147 fabulam
1582 1104 1636 1147 de
1670 1105 1833 1147 simio
1867 1110 2144 1160 regnante
2178 1104 2245 1147 vel
2280 1104 2342 1147 dc
2377 1104 2599 1146 dnobus

408 1182 735 1225 hominibus
782 1182 963 1225 altero
1013 1183 1200 1225 veraci
1249 1182 1450 1225 fallaci
1498 1182 1695 1224 altero,
1744 1187 1788 1225 at
1827 1182 2054 1225 nonsatis
2087 1181 2349 1224 crediderim
2385 1181 2595 1223 Muellero

406 1259 605 1302 fabulam
652 1272 710 1303 ro
753 1259 815 1302 IV
849 1262 874 1301 S
907 1260 1104 1303 eiusdem
1138 1260 1388 1314 argumenti
1424 1259 1668 1302 Romulum
1701 1260 1942 1315 sumpsisse
1974 1274 2000 1301 a
2036 1259 2221 1301 Phaedri
2256 1259 2500 1314 exemplari
2538 1259 2596 1300 in-

405 1341 540 1391 tegro.
577 1350 680 1378 nam
716 1361 770 1366 —
803 1342 851 1378 ut
883 1350 973 1378 non
1005 1335 1151 1378 dicam
1185 1335 1294 1377 nihil
1327 1336 1373 1378 in
1406 1337 1488 1378 hac
1522 1336 1675 1378 fabula
1708 1335 1885 1379 Romuli
1920 1337 2062 1378 inesse
2096 1335 2215 1390 quod
2249 1340 2414 1377 certam
2451 1340 2493 1377 et
2526 1350 2596 1377 ex—

406 1427 602 1468 pressam
635 1412 798 1455 habeat
830 1412 1019 1455 Phaedri
1053 1397 1393 1455 similitudinem
1428 1438 1481 1444 —
1514 1412 1652 1456 codex
1689 1411 2115 1468 wissemburgensis
2148 1413 2229 1467 (w)
2264 1411 2370 1454 satis
2404 1411 2597 1454 declarat

407 1489 739 1546 paraphrasten,
775 1489 963 1531 Phaedri
998 1490 1091 1531 sive
1124 1489 1338 1545 posterior
1370 1490 1426 1544 (π)
1462 1489 1714 1531 Phaedrum
1748 1489 1898 1545 ipsum
1931 1489 2014 1531 hoc
2047 1488 2140 1530 loco
2173 1489 2265 1530 sive
2297 1488 2524 1544 antiquior
2560 1486 2588 1527 Ι]

405 1570 583 1609 secutus
630 1569 708 1616 est,
759 1578 889 1608 usum
938 1565 1086 1608 codice
1133 1565 1290 1608 eodem
1342 1564 1470 1608 modo
1515 1570 1720 1621 corrupto
1752 1579 1841 1621 quo
1874 1565 1909 1608 is
1943 1565 2018 1621 qui
2056 1578 2173 1607 nunc
2206 1569 2326 1607 extat
2358 1563 2497 1607 codex
2531 1563 2594 1605 Pi-

407 1643 624 1686 thoeanus
657 1642 830 1685 fabulas
862 1648 1041 1685 truncas
1073 1642 1289 1685 confudit.
1339 1643 1490 1686 confer
1522 1643 1642 1685 enim
1675 1643 1805 1686 haec:

545 1721 733 1756 Phaedr.
761 1720 813 1754 IV
842 1720 894 1754 13.
924 1719 1013 1753 1—5
1043 1719 1202 1761 „Utilius
1229 1720 1372 1754 homini
1400 1720 1493 1754 nihil
1521 1725 1578 1754 est
1603 1731 1714 1763 qnam
1743 1724 1840 1754 rei-te
1867 1719 2003 1762 l‹·‹1ui⁴.
2057 1719 2252 1753 Probanda
2278 1719 2425 1753 cnm-tis
2445 1722 2502 1752 est
2520 1718 2595 1761 qni

404 1780 490 1813 dem
516 1779 707 1813 sententia
732 1780 802 1812 Sed
829 1780 875 1812 ad
903 1780 1106 1822 perniciem
1132 1780 1228 1813 solet
1254 1780 1310 1819 agi
1338 1780 1545 1813 sinceritas.
1577 1800 1614 1802 —
1643 1780 1737 1813 Cum
1764 1791 1804 1812 se
1828 1780 1991 1812 ferarum
2012 1789 2135 1820 regem
2156 1778 2306 1811 fecisset
2327 1779 2384 1811 leo
2406 1779 2449 1811 Et
2468 1778 2596 1819 aequi-

405 1838 493 1872 tatis
521 1837 633 1872 vellet
659 1838 798 1872 famam
825 1838 1003 1880 consequi
1031 1839 1062 1872 A
1090 1838 1248 1881 pristina
1273 1838 1428 1873 deflexit
1454 1838 1738 1872 consuetudine.

545 1907 590 1932 W
619 1898 648 1931 V
676 1897 697 1930 2
725 1897 780 1931 Et
815 1897 949 1940 loqui
987 1908 1142 1941 poena
1175 1901 1250 1931 est
1275 1901 1320 1931 et
1346 1901 1511 1931 tacere
1538 1901 1851 1931 tormentum.
1904 1895 2162 1941 Pro<ban>da
2188 1896 2338 1939 [autem]
2364 1900 2420 1929 cst
2448 1896 2594 1929 cunctis

403 1953 614 2001 quide(m>
654 1956 742 1990 hacc
767 1957 877 2000 (hanc
906 1956 946 1997 ιο)
973 1967 1010 1990 re
1035 1956 1288 1999 sententiaim]
1314 1956 1380 1990 sed
1406 1956 1512 1993 †sine
1538 1956 1816 1999 †paenitentiae
1842 1957 1937 1990 solet
1964 1956 2021 1998 agi
2049 1956 2258 1990 sini-eritas.
2288 1974 2327 1978 —
2356 1955 2450 1989 Cum
2478 1966 2518 1988 se
2546 1955 2592 1988 fe-

404 2025 528 2048 rarum
566 2012 749 2059 rege<m>
791 2015 941 2049 fecisset
972 2015 1202 2048 fortissimus
1241 2015 1298 2048 leo
1330 2019 1367 2048 et
1392 2013 1657 2060 aequ<it>atis
1684 2013 1808 2060 fama<
1819 2013 1882 2059 m>
1914 2015 2091 2057 consequi
2121 2025 2223 2047 more
2250 2025 2377 2055 regum
2406 2014 2518 2047 vellet
2544 2021 2596 2046 re-

405 2085 595 2119 nuntiavit
620 2085 807 2129 prioribus
833 2085 927 2119 aetis
961 2088 1111 2119 mut-ans
1138 2085 1463 2119 consuetudinem.
1497 2078 1577 2121 etsi
1610 2079 1744 2134 igitur
1775 2091 1826 2123 W
1859 2093 1966 2121 usus
1999 2084 2063 2121 est
2095 2077 2245 2121 codice
2271 2078 2428 2120 eodem
2466 2077 2595 2119 modo

404 2156 594 2205 turbato,
628 2160 778 2198 tamen
811 2155 967 2198 eodem
1000 2155 1197 2210 pleniore
1228 2169 1364 2210 quain
1398 2155 1667 2199 Pithoeanus
1700 2161 1788 2205 est:
1823 2156 1930 2210 quia
1962 2156 2007 2197 in
2041 2167 2091 2199 w
2124 2155 2239 2197 utin
2264 2155 2338 2198 Ro
2364 2174 2417 2190 =
2441 2166 2498 2198 ro
2523 2153 2586 2196 111

404 2232 460 2274 20
492 2231 543 2273 αδ
573 2234 630 2274 49
666 2232 828 2274 mansit
858 2231 1025 2288 aliquid
1059 2247 1113 2274 ex
1147 2232 1401 2288 promythio
1434 2231 1611 2275 fabulae
1643 2232 1697 2275 de
1732 2233 1854 2275 leone
1878 2238 2103 2287 regnante.
2130 2231 2265 2274 verba
2288 2231 2391 2274 huic
2414 2229 2590 2273 fabulae

403 2308 653 2364 aptissima:
692 2309 745 2351 Et
775 2309 888 2363 loqui
916 2324 1052 2363 poena
1083 2315 1141 2352 est
1171 2313 1209 2351 et
1239 2313 1372 2353 tacere
1403 2314 1659 2352 tormentum.
1694 2308 1835 2352 adicio
1868 2308 2062 2352 eundem
2097 2309 2217 2351 locur
2248 2323 2302 2351 ex
2335 2308 2433 2352 Ro:

546 2395 598 2421 ro
625 2387 679 2420 111
706 2384 820 2420 ἐὶυωῑ
847 2386 892 2420 41³
920 2387 972 2420 Et
1010 2387 1143 2430 loqui
1179 2397 1336 2430 poena
1372 2391 1446 2420 est
1474 2390 1519 2420 et
1544 2391 1709 2421 tacere
1736 2391 2034 2420 tormentum
2063 2391 2111 2420 ut
2140 2387 2314 2430 proba-t
2344 2387 2460 2419 hacc
2487 2387 2593 2420 sub.

404 2445 534 2479 iecta
572 2445 754 2479 fabula.
795 2464 836 2468 —
876 2444 970 2479 Cum
1010 2445 1080 2479 sibi
1122 2447 1222 2479 ferae
1257 2457 1382 2488 regem
1421 2446 1599 2480 fecissent
1637 2446 1885 2480 fortissimum
1926 2446 2071 2479 leonem
2100 2446 2160 2479 ille
2188 2445 2304 2479 voluit
2334 2457 2434 2479 more
2462 2457 2588 2487 regum

404 2505 542 2537 bonam
568 2505 708 2536 famam
735 2505 925 2546 consequi,
954 2505 1174 2539 renuntians
1202 2505 1388 2547 prioribus
1416 2505 1524 2537 factis
1552 2508 1673 2537 mutat
1698 2505 2024 2537 consuetudinem.

547 2585 677 2629 Hanc
710 2585 844 2642 igitur
875 2585 1072 2629 fabulam
1107 2592 1155 2630 ut
1186 2592 1352 2630 ceteras
1386 2587 1676 2643 paraphrases
1709 2585 1897 2629 Phaedri
1921 2587 1996 2630 Ro
2020 2587 2210 2643 sumpsit
2234 2585 2432 2630 indidem
2455 2593 2587 2643 atque

402 2675 466 2707 w.
501 2678 606 2706 nain
638 2664 700 2706 sic
732 2670 875 2706 cetera
907 2678 1086 2721 quoque
1119 2665 1297 2707 fabulae
1331 2665 1465 2707 verba
1497 2665 1542 2707 in
1574 2677 1626 2708 w
1657 2665 1858 2707 similiter
1890 2665 2051 2720 scripta
2085 2670 2189 2706 sunt
2220 2670 2354 2720 atque
2388 2665 2432 2707 in
2466 2676 2523 2707 ro
2547 2671 2590 2707 et

401 2739 556 2783 eodem
590 2742 679 2783 t'ere
713 2741 845 2783 inodo
878 2766 933 2771 —
966 2741 1201 2784 levissimis
1234 2741 1417 2797 quidem
1451 2741 1771 2784 mutationibus
1820 2766 1856 2771 -
1892 2755 1919 2783 a
1942 2741 2142 2784 Phaedro
2166 2741 2431 2797 discrepant.
2465 2741 2585 2797 quod

401 2816 457 2860 ad
490 2817 669 2860 initium
701 2818 890 2864 fabulae,
927 2817 1047 2874 quod
1080 2832 1214 2875 supra
1246 2819 1576 2875 exscripsimus,
1610 2818 1778 2862 attinet,
1811 2818 1915 2861 satis
1939 2818 2020 2861 erit
2042 2818 2241 2861 conterre
2274 2817 2466 2861 Phaedri
2504 2833 2594 2861 ver-

402 2907 501 2937 sum
549 2895 757 2950 quintum
806 2909 908 2938 cum
958 2909 981 2936 π
1029 2895 1052 2937 i.
1095 2910 1128 2938 e.
1180 2895 1326 2940 WRo
1374 2896 1415 2939 A
1443 2896 1631 2950 pristina
1662 2896 1825 2951 desierit
1856 2896 2151 2939 cousuetudine
2181 2893 2406 2939 Phaedr:
2444 2910 2590 2939 renun-

401 2971 522 3013 tiavit
550 2972 766 3025 prioribus
793 2973 898 3015 actis
930 2977 1095 3014 mutans
1126 2973 1459 3015 eonsuetudirwm
1490 2984 1554 3020 w,
1590 2974 1836 3014 renuntians
1865 2973 2078 3026 prioribus
2100 2972 2236 3026 sactis
2266 2977 2400 3014 mutat
2431 2987 2593 3015 consuc-

401 3048 587 3090 tudinem
618 3048 695 3091 Ro
727 3052 796 3103 (=
831 3060 888 3091 ro
923 3049 997 3100 αδ).
1034 3049 1316 3104 agnoscimus
1349 3063 1635 3092 communem
1671 3051 1848 3091 iontem.
1884 3049 1973 3090 iam
2005 3063 2084 3090 cur
2107 3048 2241 3090 verba
2263 3048 2337 3091 illa
2360 3049 2593 3092 Probanda

403 3148 458 3153 —
488 3125 710 3166 sinceritas
741 3125 886 3167 desint
920 3126 962 3167 in
996 3126 1085 3174 Ro,
1120 3126 1208 3167 sint
1240 3126 1284 3166 in
1307 3137 1358 3168 w
1390 3126 1426 3167 si
1459 3127 1726 3182 quaerimus.
1763 3139 1850 3167 non
1884 3125 2112 3180 probabile
2144 3131 2209 3167 est
2240 3139 2291 3167 ea
2326 3139 2413 3167 non
2448 3126 2588 3168 fuisse

401 3199 446 3240 in
481 3213 508 3240 π
538 3199 690 3242 addita
722 3201 915 3257 denique
948 3202 993 3243 in
1026 3213 1077 3244 W
1109 3204 1200 3256 (aut
1232 3201 1327 3255 W),
1373 3216 1475 3244 cum
1510 3201 1631 3243 nulla
1662 3202 1756 3243 eius
1788 3202 1962 3256 generis
1996 3201 2301 3243 additamenta
2334 3202 2589 3256 peculiaria,

401 3274 520 3330 quod
569 3277 718 3322 sciam.
769 3283 949 3333 sumpta
985 3291 1008 3320 a
1042 3277 1245 3321 Phaedro
1278 3278 1373 3334 ipso
1406 3278 1548 3321 habet
1570 3289 1621 3321 w
1654 3303 1709 3308 —-
1742 3277 1811 3321 W
1843 3277 1962 3320 enim
1997 3277 2126 3332 periit
2158 3277 2344 3333 eiusque
2379 3278 2594 3321 memoria

400 3347 546 3397 omnis
594 3354 679 3397 sita
724 3359 788 3398 est
834 3354 881 3398 in
913 3367 964 3398 w
1004 3381 1052 3385 —
1084 3355 1160 3412 qui
1199 3354 1419 3412 quidquid
1451 3369 1552 3398 cum
1586 3353 1788 3398 Phaedro
1820 3355 2045 3411 conspirat
2077 3353 2121 3397 id
2156 3354 2289 3398 habet
2322 3355 2590 3399 translatum

546 3508 570 3552 ι>
593 3510 686 3554 quod
710 3513 763 3545 est
787 3513 824 3544 in
849 3520 900 3546 ro
922 3510 1182 3556 promythium.
1209 3510 1301 3545 idem
1329 3513 1366 3544 in
1392 3508 1444 3553 αδ,
1472 3510 1618 3554 utfieri
1642 3510 1738 3552 solet,
1764 3510 2012 3555 epimythiam.
2041 3516 2088 3545 ut
2118 3530 2159 3535 —
2187 3511 2362 3545 fabula
2387 3522 2443 3545 om
2471 3509 2525 3545 αδ.
2548 3531 2589 3535 -

401 3567 520 3600 voluit
544 3568 607 3602 ille
633 3580 755 3603 mores
783 3571 880 3603 bona
906 3571 1007 3602 fama
1032 3580 1094 3604 ro.
1124 3588 1166 3591 —
1192 3570 1302 3603 factis
1329 3581 1405 3603 ren.
1432 3570 1618 3612 prioribus
1646 3568 1699 3603 αὖ.
1729 3587 1770 3592 —
1797 3574 1832 3603 et
1861 3571 2021 3604 mutavit
2048 3581 2110 3605 ro.
