3198 4058
536 12 542 24 ι
585 0 625 8 ‘³
651 0 749 29 :aaa
806 6 807 9 =

388 2645 409 2664 -.
426 2648 469 2659 =
486 2632 649 2675 Aesopus

389 2708 438 2744 ad
464 2707 623 2752 Rufum.

675 273 734 316 38
1660 283 1701 321 C.
1726 284 1778 321 M.
1803 284 1961 322 Zander.

676 377 898 436 retentum
948 396 1015 435 est
1059 391 1105 433 in
1152 391 1243 442 Ro,
1291 392 1339 434 in
1385 403 1437 434 w
1474 391 1766 433 substitutum
1799 395 1866 432 est
1896 389 2122 444 cooperiret
2151 389 2223 446 (cf.
2259 389 2484 432 romanice
2515 389 2680 444 coprire
2709 389 2878 434 omnir

675 469 814 513 cobrir
844 469 1002 526 etdm'r)
1021 468 1063 524 ¹).

819 546 914 589 Iam
963 559 1069 588 vero
1108 545 1165 588 ad
1196 544 1551 588 aestimationem
1585 544 1750 588 codicis
1781 556 1833 588 w
1866 543 2017 600 magni
2051 543 2265 587 momenti
2298 544 2410 587 haec
2440 547 2547 587 sunt
2576 543 2698 601 quod
2730 548 2774 587 et
2804 544 2875 588 w¹

677 628 743 665 est
774 636 888 678 opus
920 622 1119 665 hominis
1153 622 1276 664 rudis
1309 622 1586 676 neglegentis
1618 620 1860 668 oscitantis,
1893 610 1971 677 qui
2004 620 2174 664 nullam
2208 620 2299 663 fere
2330 632 2513 664 exarare
2534 623 2685 678 posset
2705 623 2876 664 senten-

676 699 783 743 tiam
817 698 928 755 quin
962 712 1063 742 eam
1095 699 1271 742 mendis
1304 698 1575 741 foedissimis
1607 698 1876 754 inquinaret,
1910 703 1954 740 et
1985 698 2089 740 huic
2122 697 2407 739 incommodo
2431 701 2522 740 tam
2546 696 2676 753 gravi
2694 697 2876 753 gravius

676 774 787 818 illud
835 775 1022 818 accessit
1067 774 1189 831 quod
1221 773 1304 824 w‘,
1339 774 1448 817 dum
1480 774 1682 817 adhibito
1714 775 1865 817 codice
1897 773 2102 816 Romulei
2135 774 2311 829 generis
2343 787 2529 816 manum
2561 773 2755 829 primam
2787 787 2876 816 cor-

677 851 781 908 rigit
811 851 1062 894 incredibili
1095 851 1325 908 prurigine
1358 850 1561 894 mutandi
1595 851 1736 894 elatus
1768 850 1991 907 permulta
2022 850 2197 899 delevit,
2231 863 2322 905 quo
2353 850 2523 893 factum
2557 855 2624 892 est
2653 854 2703 892 ut
2728 849 2784 894 de
2805 850 2874 894 w¹

678 928 821 971 multa
869 928 1067 984 perirent
1113 942 1216 969 cum
1265 927 1533 970 detrimento
1579 942 1769 969 summo.
1819 941 1922 968 nam
1972 927 2044 969 W2
2076 927 2186 968 nihil
2220 926 2338 968 valet
2369 926 2452 968 nisi
2486 926 2541 968 ad
2574 927 2874 981 cognitionem

677 1004 877 1047 familiae
910 1003 1155 1047 Romuleae
1187 1004 1257 1059 (cf.
1294 1018 1333 1060 p.
1369 1003 1452 1059 36).
2578 986 2582 992 ’

824 1081 1029 1138 Denique
1076 1080 1196 1137 quod
1246 1094 1297 1126 w
1344 1095 1398 1124 ex
1443 1096 1468 1122 π
1502 1096 1580 1138 per
1612 1082 1757 1125 rivum
1792 1096 1923 1124 suum
1958 1081 2176 1124 deductus
2208 1087 2286 1131 est,
2319 1081 2438 1137 quod
2473 1081 2675 1124 utilitatis
2707 1095 2760 1124 ex
2793 1082 2877 1125 hac

661 1154 722 1201 *re
759 1159 928 1216 percipi
961 1163 1147 1216 poterat,
1196 1158 1300 1202 inde
1334 1160 1526 1203 multum
1561 1159 1809 1203 detrahitur
1839 1160 1893 1202 iis
1925 1159 2032 1202 locis
2064 1159 2229 1215 quibus
2261 1174 2312 1202 ea
2345 1159 2439 1216 ipsa
2473 1172 2589 1215 quae
2621 1159 2755 1202 habet
2788 1173 2875 1202 non

675 1236 749 1280 w²
794 1235 873 1279 sed
904 1236 976 1279 w¹
1008 1236 1274 1292 interpolata
1307 1242 1414 1279 sunt
1444 1236 1646 1279 adhibito
1678 1237 1828 1279 codice
1860 1235 2040 1279 Romuli
2075 1236 2282 1292 vulgaris
2317 1236 2436 1292 quod
2470 1236 2576 1278 satis
2607 1235 2878 1291 intellegitur

675 1328 730 1356 ex
763 1313 817 1356 iis
852 1314 958 1356 locis
985 1327 1099 1368 quos
1121 1313 1246 1356 attuli
1272 1328 1345 1370 pp.
1371 1315 1427 1355 32
1450 1328 1530 1370 sq..
1554 1314 1717 1369 quibus
1741 1313 1847 1356 locis
1868 1313 1937 1357 w¹
1962 1318 2005 1355 et
2026 1324 2084 1356 ro
2107 1313 2168 1355 ita
2190 1312 2476 1355 consentiunt
2497 1308 2547 1355 ut
2567 1311 2623 1355 ab
2647 1312 2699 1353 αδ
2720 1312 2876 1355 ‹lisere-

676 1396 785 1447 pent
832 1390 1101 1446 longiusque
1148 1405 1175 1432 a
1221 1390 1411 1432 Phaedri
1446 1391 1593 1433 verbis
1625 1391 1794 1440 absint;
1845 1390 1967 1432 velut
1999 1390 2205 1446 paraphr.
2239 1403 2341 1444 app.
2373 1382 2415 1431 '1.
2451 1390 2487 1430 2‘
2508 1394 2631 1430 natos»-
2661 1400 2712 1431 w
2744 1395 2787 1430 et
2817 1401 2876 1431 ro

675 1472 908 1522 corrupte:
960 1471 1079 1509 nates
1126 1466 1177 1506 αδ
1224 1472 1365 1516 recte;
1405 1467 1612 1522 paraphr.
1648 1467 1726 1508 Ph.
1763 1466 1779 1507 1
1818 1468 1882 1508 12.
1919 1467 1941 1508 ’ἶ
1975 1480 2071 1508 moa*
2103 1466 2173 1507 αδῑ
2208 1480 2297 1508 cum
2330 1465 2432 1508 haec
2462 1479 2604 1507 cervus
2634 1466 2694 1508 ad
2722 1466 2877 1519 fontem

665 1543 833 1599 faceret
863 1555 922 1586 ro
954 1547 999 1585 et
1029 1542 1097 1586 w'
1132 1544 1285 1598 (ayeret
1314 1543 1413 1597 πὶ).

820 1618 938 1675 Ergo
984 1620 1198 1675 quoniam
1239 1619 1451 1662 nimirum
1487 1621 1686 1661 recensio
1719 1620 2058 1675 paraphrasium
2093 1633 2245 1661 earum
2279 1631 2394 1674 quae
2425 1631 2451 1660 a
2483 1632 2510 1659 π
2541 1622 2646 1660 suut
2677 1622 2799 1660 ortae
2830 1616 2873 1659 id

675 1695 808 1738 debet
854 1700 1052 1752 spectare
1100 1701 1149 1739 ut
1188 1711 1214 1737 π
1247 1697 1516 1743 restituatur,
1557 1697 1831 1752 ubicumque
1863 1701 1906 1738 et
1938 1702 2159 1751 quantum
2193 1696 2332 1751 possit
2362 1695 2454 1737 fieri
2489 1720 2544 1725 ——
2578 1708 2723 1751 neque
2754 1695 2873 1737 enim

675 1786 854 1828 semper
902 1786 983 1815 nec
1032 1777 1174 1815 totum
1225 1773 1307 1815 hoc
1356 1773 1457 1815 licet
1504 1774 1716 1828 consequi
1755 1798 1811 1803 ——
1844 1773 1899 1815 ad
1934 1774 2049 1815 hanc
2083 1772 2384 1814 recensionem
2418 1784 2531 1829 opus
2562 1771 2645 1814 erit
2675 1770 2876 1815 adhibito

675 1852 866 1905 utroque
912 1862 1074 1906 genere
1113 1854 1157 1893 et
1187 1850 1258 1894 W
1289 1851 1371 1906 (w)
1403 1856 1445 1893 et
1477 1851 1553 1895 Ro
1587 1852 1628 1906 (α
1648 1854 1697 1904 -l-
1719 1852 1793 1907 ro)
1826 1850 1915 1900 sed,
1951 1856 2000 1893 ut
2031 1850 2137 1901 dixi,
2170 1855 2347 1894 tantum
2380 1849 2589 1906 perlicere
2621 1857 2765 1907 saepe
2784 1864 2873 1893 non

674 1926 801 1976 lieet;
836 1926 1081 1983 multisque
1114 1926 1233 1975 locis,
1267 1929 1303 1970 si
1337 1929 1619 1985 interpolatio
1653 1928 1829 1985 longius
1867 1926 2079 1985 processit
2111 1928 2353 1984 omniaque
2384 1931 2490 1972 sunt
2520 1927 2702 1985 gravius
2734 1921 2879 1985 defer-¹¹

674 1998 814 2053 rnafa‚'
859 2001 970 2046 nihil
1018 2005 1265 2060 poterimus
1302 2005 1487 2061 adipisci
1522 2005 1607 2047 nisi
1641 1997 1955 2062 imperfectam*
1981 2009 2021 2047 e't
2054 2004 2369 2048 adumbratam
2401 2004 2519 2047 illius
2551 2005 2713 2047 veteris
2743 2018 2772 2044 π
2804 2017 2873 2046 no-

674 2077 833 2122 titiam.
883 2080 937 2122 iis
986 2080 1092 2122 locis
1124 2081 1352 2137 praeclare
1383 2086 1532 2124 actum
1567 2081 1649 2123 erit
1680 2082 1774 2124 sive
1806 2080 1860 2124 ad
1894 2082 1971 2126 Ro
2004 2081 2097 2124 sive
2128 2080 2184 2123 ad
2216 2080 2287 2124 W
2318 2082 2596 2142 potuerimus
2627 2080 2873 2136 pervenire.
2932 2076 2937 2082 ’

674 2171 777 2198 nam
828 2171 884 2198 ne
935 2157 1020 2198 hoc
1068 2157 1249 2212 quidem
1287 2158 1447 2213 poterit
1479 2171 1656 2214 semper
1686 2158 1812 2201 effici.
1847 2157 2181 2200 maxime'vero
2214 2157 2382 2200 lubrica
2412 2171 2463 2199 ac.
2495 2156 2686 2199 difficilis
2717 2163 2784 2198 est
2815 2170 2872 2197 re-

675 2234 826 2274 censio
873 2246 1028 2274 earum
1080 2232 1338 2274 fabularum
1384 2247 1500 2289 quae
1532 2247 1634 2276 cum
1670 2247 1759 2276 non
1793 2237 1945 2276 extent
1977 2233 2022 2276 in
2055 2232 2244 2277 Phaedri
2278 2232 2505 2276 codicibus
2536 2232 2590 2275 ad
2625 2246 2699 2275 eas
2732 2246 2871 2274 recen-

675 2309 838 2351 sendas
885 2309 1060 2352 codices
1109 2309 1300 2352 Phaedri
1349 2311 1483 2353 etiam
1532 2310 1744 2353 adhibere
1793 2325 1892 2362 non·
1916 2324 2167 2367 possumus.
2202 2310 2279 2353 sed
2311 2310 2367 2353 de
2398 2310 2563 2352 fabulis
2595 2311 2648 2352 iis
2680 2324 2795 2365 quae
2828 2309 2872 2351 in

674 2385 867 2428 Phaedri
915 2385 1142 2428 codicibus
1192 2400 1281 2428 non
1330 2391 1483 2429 extant
1529 2388 1635 2443 quin
1683 2388 1921 2443 separatim
1970 2386 2281 2443 disputaturus
2327 2401 2425 2428 sum
2464 2386 2720 2442 aliquando,
2754 2399 2874 2427 nunc

673 2476 762 2504 non
794 2461 986 2518 disputo.
2814 2470 2818 2473 *

817 2538 912 2580 Iam
961 2539 1036 2581 illa
1082 2553 1185 2581 cum
1218 2539 1302 2581 hoc.
1333 2540 1454 2595 quod
1497 2540 1758 2596 quaerimus
1791 2540 2028 2583 coniuncta
2061 2540 2273 2595 quaestio.
2309 2540 2385 2596 qui
2419 2540 2555 2581 fuerit
2586 2540 2658 2582 ille
2690 2540 2801 2582 liber
2831 2552 2882 2586 π,’

675 2616 759 2658 hoc
807 2616 902 2658 loco
946 2616 1155 2658 exoritur.
1206 2616 1326 2672 quod
1362 2616 1585 2673 imprimis
1617 2632 1670 2659 cx
1704 2629 1755 2660 w
1788 2617 2059 2673 intellegitur
2090 2617 2229 2660 fuisse
2263 2632 2288 2658 π
2320 2618 2602 2673 Aesopum
2634 2616 2759 2660 illum
2794 2616 2871 2672 qui

674 2692 739 2736 ad
789 2692 1000 2735 Rufum
1050 2694 1241 2750 scriptus
1274 2697 1349 2736 est.
1385 2694 1514 2737 cuius
1546 2694 1729 2751 quidem
1763 2695 1959 2751 syllogae
1992 2709 2070 2751 per
2100 2694 2303 2751 quinque
2334 2693 2470 2738 libros
2501 2693 2671 2737 divisae
2703 2700 2747 2736 et
2778 2707 2871 2750 pro-

674 2770 801 2825 logus
849 2776 892 2811 et
938 2771 1140 2826 epilogus
1187 2771 1231 2813 in
1280 2783 1332 2814 w
1380 2771 1440 2814 ita
1486 2772 1648 2816 servati
1698 2776 1804 2816 sunt
1836 2777 1884 2815 ut
1916 2787 2058 2830 pauca
2091 2772 2249 2822 desint,
2283 2777 2326 2816 et
2358 2787 2438 2815 suo
2469 2772 2650 2828 quidem
2685 2777 2873 2827 uterque

672 2848 767 2889 loco
788 2848 829 2903 2).
878 2848 997 2903 quod
1032 2862 1159 2891 secus
1191 2854 1257 2890 est
1295 2850 1338 2891 in
1372 2850 1449 2893 Ro
1470 2848 1511 2905 ³).
1578 2848 1797 2892 Romulus
1829 2849 1948 2892 enim
1983 2849 2055 2892 ille
2088 2850 2216 2893 fictus
2249 2850 2400 2892 fictum
2434 2849 2694 2892 Tiberinum
2730 2849 2869 2890 filium

671 2924 905 2979 alloquens
949 2925 1056 2966 dum
1108 2926 1337 2982 Aesopum
1388 2926 1513 2969 illum
1548 2926 1624 2982 qui
1658 2926 1712 2969 ad
1748 2926 1920 2969 Rufum
1954 2926 2146 2983 scriptus
2177 2932 2244 2969 est
2275 2941 2405 2968 suum
2440 2941 2535 2969 esse
2566 2941 2593 2969 a
2622 2939 2872 2981 graecoque

818 3073 843 3116 1>
873 3075 915 3108 In
945 3075 1069 3108 Gallia
1094 3084 1139 3110 w
1165 3086 1249 3108 esse
1274 3075 1456 3119 scriptum
1483 3076 1666 3120 suspicor,
1693 3076 1792 3120 quod
1819 3076 1934 3111 habet
1958 3076 2142 3120 quaedam
2171 3080 2342 3111 vetustae
2367 3076 2694 3119 Francogallorum
2721 3076 2872 3117 linguae

675 3133 874 3168 similiora.
901 3136 941 3168 ut
967 3144 1012 3170 w
1038 3134 1094 3168 111
1122 3134 1141 3168 7
1163 3134 1354 3178 potin-mot,
1372 3134 1550 3179 sugerent
1572 3135 1838 3175 abacorum-ent,
1872 3148 1939 3180 pro
1960 3136 2147 3180 petierunt
2161 3134 2348 3181 fuya-unt
2368 3135 2640 3177 abacomlemnt,
2667 3138 2709 3170 ut
2734 3134 2772 3169 in
2798 3145 2871 3169 car-

676 3192 779 3227 mine
822 3194 904 3227 S:ae
943 3193 1113 3228 Eulaliae
1151 3194 1417 3236 francogallico
1455 3194 1619 3228 roldrenr
1641 3195 1735 3238 (sive
1763 3195 1832 3229 hoc
1858 3200 1914 3229 est
1942 3207 2009 3238 pro
2035 3195 2235 3234 voluerant.
2261 3196 2360 3238 quod
2388 3195 2500 3237 vulgo
2526 3199 2672 3239 putant,
2698 3194 2779 3228 sive
2804 3204 2872 3237 pro

672 3252 874 3293 voluerunt)
897 3255 936 3286 et
960 3263 1057 3295 quae
1081 3256 1172 3286 sunt
1198 3253 1311 3287 huius
1337 3253 1495 3296 generis.

814 3309 841 3350 ἶ)
863 3312 961 3345 Nam
1000 3311 1172 3355 epilogus
1211 3316 1268 3345 est
1304 3322 1348 3346 w
1378 3313 1408 3344 V
1434 3314 1466 3354 8,
1493 3323 1604 3355 quem
1632 3323 1729 3356 qua-(¹
1754 3316 1964 3355 sequuntur
1989 3316 2065 3347 tres
2092 3312 2242 3347 fabulae
2267 3323 2311 3349 w
2336 3313 2464 3355 9--11,
2490 3323 2557 3347 eae
2581 3315 2757 3356 sumptae
2781 3315 2871 3346 sunt

670 3381 746 3404 non
773 3381 820 3404 ex
847 3371 908 3406 W
932 3370 980 3413 (v.
1008 3381 1043 3414 p.
1072 3370 1139 3414 15).

814 3428 842 3469 ⁸)
866 3430 922 3462 De
959 3431 1028 3464 Ro
1067 3429 1176 3464 testis
1214 3429 1328 3464 huius
1367 3430 1417 3463 rei
1445 3432 1503 3463 est
1528 3439 1603 3463 non
1632 3427 1675 3462 αδ
1700 3430 1767 3464 sed
1794 3441 1892 3465 unns
1918 3440 1981 3466 ro.
2009 3441 2108 3472 nam,
2135 3431 2234 3475 quod
2261 3430 2530 3467 aniimulvertit
2556 3429 2764 3464 Herviosus
2790 3430 2806 3464 I
2834 3428 2871 3464 1²

679 3488 760 3531 303,
787 3499 872 3523 cum
900 3487 938 3522 in
965 3488 1047 3523 cod.
1073 3489 1333 3524 Lemovicensi
1362 3489 1603 3523 miscellaneo
1629 3489 1813 3533 praefatio
1839 3490 1988 3524 Romuli
2015 3490 2065 3524 ait
2092 3490 2153 3525 fol.
2180 3490 2202 3525 4
2230 3502 2274 3531 v.,
2301 3491 2452 3525 fabulae
2478 3489 2751 3524 Ademarianae
2769 3489 2870 3524 foliis

675 3548 872 3590 195—203,
899 3559 976 3582 non
1002 3548 1197 3592 probabile
1222 3554 1280 3583 est
1306 3549 1409 3582 illam
1435 3549 1709 3593 praefationem
1735 3549 1782 3583 ad
1808 3549 2067 3584 collectionem
2096 3550 2385 3586 Ademarianam
2412 3550 2612 3594 pertinere.
