3198 4058
1677 1123 1720 1176 I.

910 1293 1002 1346 De
1038 1293 1375 1361 generibus
1412 1280 1898 1360 paraphrasium
1935 1294 2489 1348 Phaedrianarum.

736 1437 1036 1489 Paraphrases
1082 1437 1385 1480 Phaedrianae
1415 1437 1700 1479 eontinentur
1732 1437 1952 1479 thesauris
1985 1436 2286 1479 Ademariano
2318 1437 2468 1493 (Αδαδ)
2502 1437 2800 1480 Wissembur—

592 1513 718 1569 gensi
751 1514 832 1570 (w)
866 1512 1059 1556 Romulo
1092 1513 1264 1570 vulgari
1298 1515 1398 1569 (ro).
1433 1513 1523 1556 duo
1555 1520 1705 1556 autem
1739 1529 1904 1570 genera
1936 1519 2041 1556 sunt
2073 1528 2249 1556 earum:
2286 1529 2428 1556 unum
2462 1515 2646 1571 propius
2673 1514 2799 1557 abest

591 1607 618 1634 a
665 1590 856 1634 Phaedri
906 1590 1065 1641 verbis,
1114 1590 1236 1646 quod
1283 1605 1425 1646 genus
1474 1591 1636 1633 denoto
1684 1592 1829 1634 littera
1864 1590 1894 1631 ΙΙ
1931 1591 2190 1638 maiuscula.
2225 1592 2415 1634 alterum
2450 1591 2637 1647 longius.
2673 1590 2793 1646 quod

594 1667 849 1712 minuscula
879 1669 949 1724 (π).

736 1745 833 1788 Iam
866 1744 1082 1801 exemplis
1115 1759 1184 1788 res
1216 1744 1490 1787 illustranda.

739 1823 802 1865 Ae
848 1822 1046 1878 primum
1083 1823 1259 1877 generis
1295 1820 1324 1862 [l
1361 1822 1619 1878 exemplum
1652 1823 1710 1864 sit
1741 1822 2026 1878 paraphrasis
2060 1822 2360 1864 Ademariana
2392 1821 2570 1864 fabulae
2604 1821 2795 1864 Phaedri

593 1898 828 1941 secundae.
864 1898 1110 1954 praemissa
1140 1898 1278 1953 igitur
1308 1897 1500 1940 Phaedri
1534 1897 1671 1940 verba
1702 1902 1914 1953 sequetur
1946 1898 2243 1953 paraphrasis.

593 2051 633 2082 10

593 2228 632 2257 15

591 2583 632 2615 25

591 3543 632 3575 10

734 1975 957 2019 Phaedri
987 1975 1022 2018 1.
1055 1975 1102 2018 2.
1142 1975 1349 2018 10—31.
1383 1974 1623 2030 [Ran<a>e
1654 1989 1790 2029 reyem
1815 1974 2068 2029 petierunt]

810 2052 937 2085 Ranae
977 2055 1156 2094 vagantes
1195 2051 1322 2084 liberis
1361 2051 1563 2094 paludibus
1603 2051 1775 2084 Clamore
1814 2062 1951 2093 magno
1990 2062 2116 2093 regom
2157 2052 2298 2094 potiere
2328 2062 2351 2084 a
2376 2051 2466 2085 Iove
2493 2051 2564 2092 Qui
2593 2051 2800 2085 dissolutos

809 2119 931 2144 mores
959 2109 1019 2144 'vi
1044 2109 1245 2152 (pameas.-
1271 2111 1325 2148 ut)
1350 2114 1617 2151 compesceret.
1670 2111 1779 2143 Pater
1803 2110 1959 2143 deorum
1988 2105 2071 2144 risi't
2094 2114 2206 2153 atque
2225 2110 2300 2143 illis
2318 2109 2423 2143 (ledit
2441 2111 2603 2143 Parvum
2623 2109 2798 2153 tigillum.

808 2169 966 2203 missum
1002 2168 1103 2212 quod
1129 2168 1256 2203 subito
1284 2168 1368 2203 vadi
1397 2169 1542 2203 Motum
1569 2179 1739 2211 sonoque
1765 2168 1898 2203 terruit
1926 2168 2104 2212 pavidum
2132 2180 2264 2211 genus.
2292 2168 2375 2202 Hoc
2402 2163 2567 2202 mersum
2595 2168 2686 2202 limo
2714 2179 2798 2202 cum

807 2229 944 2260 iaceret
981 2228 1125 2260 diutins
1166 2228 1274 2260 Forte
1304 2238 1378 2260 una
1405 2211 1518 2260 tacite
1545 2229 1685 2270 profert
1713 2239 1733 2259 e
1759 2231 1894 2270 stagno
1921 2231 2035 2270 caput
2062 2229 2109 2260 Et
2135 2228 2332 2271 explorato
2359 2238 2445 2271 rege
2471 2232 2627 2260 cunctas
2655 2231 2798 2260 evocat.

809 2287 899 2322 Illae
937 2287 1072 2321 timore
1111 2286 1235 2330 posito
1273 2286 1443 2321 certatim
1483 2286 1667 2321 adnatant
1705 2286 1941 2329 Lignumque
1976 2298 2091 2329 supra
2135 2287 2245 2321 turba
2283 2287 2458 2329 petulans
2499 2286 2628 2321 insilit.
2692 2286 2800 2327 Quod

805 2357 891 2382 cum
930 2345 1195 2389 inquinassent
1231 2345 1334 2380 omni
1373 2345 1600 2380 vontuuwlia
1647 2345 1773 2380 Alium
1819 2349 1995 2389 rogantes
2034 2356 2159 2389 regem
2199 2346 2335 2380 misere
2373 2345 2420 2380 ad
2457 2345 2598 2387 Iovem,
2644 2344 2797 2380 Inutilis

806 2404 985 2449 quoniam
1012 2407 1113 2439 esset
1139 2404 1201 2448 qni
1230 2405 1351 2439 fuerat
1378 2404 1499 2439 «latus.
1551 2405 1646 2439 Tum
1674 2404 1775 2439 misit
1806 2403 1880 2439 illis
1899 2404 2074 2449 hydrum.
2093 2404 2157 2449 qui
2176 2404 2290 2440 «lente
2308 2414 2442 2449 aspero
2461 2403 2658 2449 Corripere
2676 2403 2800 2448 coepit

806 2465 987 2507 singulas.
1027 2466 1166 2497 frustra
1206 2474 1335 2496 novem
1377 2465 1553 2505 Fugitant
1594 2465 1743 2501 invrtes,
1785 2474 1915 2496 voce-m
1955 2464 2164 2507 praecludit
2202 2468 2337 2497 metus.
2389 2464 2533 2497 Furtim
2570 2463 2684 2507 igitur
2709 2464 2802 2496 (lant

808 2524 993 2558 Mercurio
1032 2524 1208 2557 mandata
1247 2524 1294 2556 ad
1334 2525 1462 2556 lovem
1502 2523 1673 2556 Admotis
1712 2527 1754 2556 ut
1779 2528 1984 2556 succurrat.
2034 2524 2138 2556 Tunc
2165 2528 2294 2556 contra
2321 2524 2432 2557 deus:
2477 2524 2595 2564 „Quia
2621 2523 2799 2556 noluistis

808 2583 938 2624 fcrre‘,
965 2583 1098 2626 inquit,
1130 2582 1303 2624 „l›‹›num,
1336 2582 1477 2616 Malum
1506 2583 1702 2626 perferw.
1738 2602 1773 2605 —
1804 2583 1880 2615 Vos
1906 2593 2056 2625 quoquc
2081 2581 2218 2623 wives,
2247 2582 2308 2623 ait,
2338 2582 2419 2617 Hoc
2446 2582 2642 2624 sustinete,
2672 2581 2794 2616 maius

807 2654 855 2678 ne
882 2641 1010 2678 veniat
1036 2641 1190 2677 malum.

810 2760 842 2800 ll
879 2780 933 2796 =
971 2761 1032 2800 Αδ
1061 2762 1124 2803 21
1163 2761 1204 2814 (i.
1240 2774 1274 2801 e.
1312 2760 1393 2800 Ad.
1429 2762 1481 2800 21
1518 2774 1572 2801 ex
1610 2760 1700 2814 Αδ).

808 2839 961 2880 Ranae
995 2842 1208 2892 vagantes
1242 2838 1286 2878 in
1320 2837 1469 2878 liberis
1503 2836 1742 2891 paludibus
1774 2837 1965 2879 clamore
1999 2853 2148 2892 regem
2184 2838 2346 2893 petiere
2374 2852 2400 2878 a
2439 2837 2542 2879 Iove
2566 2838 2640 2892 qui
2666 2837 2799 2879 disso-

808 2914 924 2956 lutos
973 2928 1117 2956 mores
1164 2928 1317 2956 earum
1351 2919 1662 2968 compesceret.
1729 2913 1926 2969 Iuppiter
1966 2914 2060 2956 risit
2092 2919 2135 2956 et
2166 2914 2229 2956 eis
2261 2913 2384 2956 dedit
2415 2913 2620 2968 tigillum.
2657 2913 2802 2968 *quod

808 2990 955 3032 subito
989 2990 1177 3031 missum
1210 2990 1294 3031 levi
1328 2994 1454 3030 motu
1485 3003 1685 3043 sonoque
1718 2990 1872 3030 terruit
1905 2989 2120 3045 pavidum
2146 3004 2301 3045 genus.
2368 3003 2537 3031 mersae
2561 2990 2667 3031 limo
2689 3003 2793 3030 cum

809 3068 995 3107 laterent
1027 3066 1209 3113 diutius,
1243 3067 1353 3106 forte
1386 3079 1478 3106 una
1509 3066 1639 3106 tacite
1673 3067 1840 3120 profert
1877 3080 2009 3107 amne
2039 3072 2199 3122 caput;
2234 3067 2463 3120 explorato
2495 3079 2596 3121 rege
2618 3070 2801 3106 cunctas

808 3143 1008 3187 advocat.
1039 3140 1042 3144 ’
1073 3143 1179 3185 Illae
1222 3144 1380 3185 timore
1430 3143 1674 3198 postposito
1723 3143 1923 3184 certatim
1958 3142 2228 3193 *adnatant;
2263 3158 2399 3198 supra
2430 3143 2563 3185 turba
2593 3143 2801 3197 petulans

808 3220 957 3263 illusit.
1022 3221 1167 3269 Quem
1215 3234 1318 3262 eum
1366 3219 1681 3274 inquinassent
1726 3220 1849 3261 omni
1897 3219 2180 3265 contumelia,
2223 3220 2363 3262 alium
2397 3224 2602 3275 rogantes
2636 3219 2797 3261 misere

807 3297 863 3340 ad
896 3297 1062 3340 Iovem.
1129 3296 1272 3339 Iratus
1304 3296 1376 3338 ille
1407 3297 1484 3353 qui
1518 3297 1666 3338 fuerat
1697 3295 1828 3338 datus
1860 3311 1939 3339 cur
1970 3303 2084 3339 esset
2116 3296 2275 3339 illusus
2311 3296 2432 3340 misit
2453 3295 2540 3339 illis
2565 3293 2799 3352 *hydrum.

807 3376 885 3431 qui
920 3374 1056 3418 *dum
1089 3374 1223 3418 dente
1254 3388 1411 3430 aspero
1445 3373 1757 3430 *corripuisset
1788 3374 1988 3429 singulas
2022 3374 2179 3431 *atque
2211 3389 2285 3418 eas
2318 3374 2437 3418 vesci
2469 3374 2698 3429 coepisset,
2732 3374 2801 3417 fu·

805 3453 952 3509 gitant
995 3453 1159 3496 inertes
1207 3441 1426 3508 vocesque
1472 3450 1721 3508 praecludit
1767 3456 1923 3495 metus.
1973 3452 2127 3495 furtim
2151 3492 2154 3497 ,
2177 3452 2361 3495 mittunt
2409 3466 2488 3508 per
2520 3437 2791 3495 Mercurium

805 3529 1020 3573 mandata
1064 3529 1159 3573 Iovi
1204 3535 1254 3572 ut
1302 3528 1429 3586 <ille>
1467 3527 1661 3571 desistat.
1696 3543 1721 3571 e
1751 3534 1905 3572 contra
1936 3529 2219 3587 Iu(p>piter:
2259 3529 2404 3580 «Quia
2436 3527 2650 3571 noluistis
2672 3529 2790 3572 ferre
