3198 4058
906 359 960 392 De
985 358 1186 402 generibus
1211 361 1250 392 et
1272 357 1380 392 libris
1405 357 1693 411 paraphrasium
1719 356 2051 392 Phaedrianarum.
2529 344 2575 384 ll

317 454 321 458 .
384 476 444 510 ro
474 464 540 509 ΠΙ
576 466 640 508 11.
704 463 899 516 Quidam
934 469 1058 522 pater
1089 465 1284 508 familias
1305 479 1461 508 sevum
1485 465 1627 508 filium
1650 465 1857 509 habebat.
1882 480 1986 508 nain
2011 465 2118 508 foris
2140 463 2340 520 quotidie
2371 463 2583 506 manebat

383 554 409 585 5,
597 541 678 597 (Β.·
710 541 957 599 vagabatur
988 543 1050 597 F)
1081 548 1125 586 et
1153 542 1268 586 servi
1291 556 1372 598 pro
1394 557 1445 586 eo
1469 541 1755 598 vapulabant.
1780 548 1886 585 tunc
1908 543 1970 584 sic
1991 548 2147 584 auctor
2166 542 2229 584 ait
2251 556 2330 597 per
2350 540 2577 583 fabulam:

738 618 934 669 Quidam
982 619 1118 662 homo
1153 619 1346 662 rusticus
1377 618 1525 661 iunxit
1555 618 1747 661 vitulum
1781 618 1934 660 maiori
1969 617 2085 660 bovi.
2120 617 2287 660 vitulus
2321 631 2425 660 vero
2456 616 2576 659 calce

594 700 639 739 et
683 694 892 739 cornibus
938 695 1125 739 eiciebat
1160 695 1316 752 iugum
1349 710 1376 738 a
1405 695 1587 739 cervice.
1623 695 1783 739 bovem
1816 710 1919 738 cum
1953 700 2135 738 terreret
2167 695 2349 744 vitulus,
2383 693 2576 736 rusticus

383 783 424 816 ιο
596 771 697 815 bovi
745 771 808 815 sic
854 771 1018 815 dixisse
1066 773 1228 814 fertur:
1280 772 1407 814 «Non
1456 777 1504 815 ut
1547 772 1743 815 labores»
1778 772 1938 827 inquit,
1977 776 2044 814 «te
2077 771 2214 826 iungo
2247 770 2322 813 sed
2356 769 2574 812 domitare

554 847 566 859 '
596 848 696 891 volo
735 848 966 891 minorem.
1002 863 1107 891 nam
1139 848 1334 892 calcibus
1366 848 1491 904 vagis
1522 853 1566 891 et
1596 862 1735 898 cornu
1766 862 1868 890 cum
1893 847 2066 904 aliquos
2089 847 2263 890 laeserit
2285 846 2511 903 lapidibus
2532 850 2576 888 et

593 924 790 969 fustibus
822 924 1118 969 debilitatur».

381 1012 421 1045 15
737 1002 803 1045 Ita
834 1006 1008 1059 oportet
1038 1017 1313 1059 quemquam
1346 1003 1459 1046 filios
1490 1016 1594 1046 suos
1628 1002 1822 1046 minores
1855 1002 2049 1045 domare.

526 1156 742 1199 Videmus
789 1171 922 1212 quam
973 1162 1015 1199 et
1058 1157 1240 1200 licenter
1271 1161 1314 1212 et
1345 1157 1501 1200 inscite
1534 1171 1561 1198 π
1594 1156 1728 1199 verba
1763 1157 1950 1199 Phaedri
1987 1157 2168 1199 mutarit
2203 1157 2270 1199 vel
2305 1157 2452 1212 potius
2484 1171 2573 1199 cor·

380 1234 560 1289 ruperit,
610 1234 684 1288 qui
731 1249 784 1276 ex
819 1234 930 1276 bove
964 1235 1093 1276 vetulo
1124 1233 1315 1275 Phaedri
1349 1233 1499 1275 fecerit
1533 1234 1732 1275 vitulum!
1767 1238 1810 1275 et
1841 1247 1943 1275 cum
1981 1232 2209 1275 Phaedrus
2243 1232 2484 1275 iuvencum
2518 1233 2572 1275 fe·

379 1310 511 1352 cisset
552 1310 662 1352 alios
708 1309 1028 1357 debilitantem,
1074 1324 1100 1349 π
1131 1310 1322 1351 eundem
1357 1309 1462 1351 fecit
1494 1309 1711 1351 debilitari
1747 1310 1841 1364 ipse
1873 1309 1929 1352 ab
1964 1310 2016 1351 iis
2048 1309 2125 1364 qui
2163 1309 2274 1351 ictus
2306 1309 2494 1351 calcium
2527 1314 2570 1351 et

379 1401 597 1430 cernuum
633 1385 872 1433 vindicent.
936 1387 998 1428 ita
1032 1386 1196 1428 fabular
1217 1386 1405 1429 Phaedri
1439 1386 1559 1428 haud
1588 1387 1827 1428 invenusta
1850 1388 1897 1428 fit
1920 1387 1962 1427 in
1989 1400 2015 1426 π
2036 1386 2343 1428 insulsissima.
2378 1386 2572 1440 denique

378 1475 437 1506 ro
484 1476 617 1505 sumn
656 1468 755 1518 post
797 1463 945 1505 attulit
976 1477 1065 1518 quo
1097 1477 1234 1518 quam
1268 1463 1313 1504 in
1348 1477 1374 1504 π
1406 1463 1637 1505 invenerat
1668 1462 1866 1505 fabulam
1900 1464 1986 1505 iam
2023 1462 2243 1505 foedatam
2277 1477 2374 1505 eam
2409 1463 2571 1505 faceret

378 1541 413 1582 si
448 1545 596 1595 posset
624 1540 902 1583 deteriorem.
969 1554 1073 1581 nam
1106 1539 1226 1595 quod
1259 1545 1325 1582 est
1355 1554 1424 1595 ap.
1462 1539 1715 1581 Phaedrum
1749 1541 1838 1582 Hic
1870 1557 1890 1582 e
1923 1545 2136 1594 conspectu
2169 1555 2260 1583 cum
2286 1539 2430 1594 patris
2453 1554 2573 1582 reces-

376 1622 488 1660 serat
544 1618 791 1660 Verberibus
821 1632 957 1660 servos
988 1618 1200 1674 afficiebat
1235 1618 1440 1672 plurimi-s·
1470 1617 1513 1659 id
1547 1629 1605 1660 ro
1637 1617 1821 1660 detorsit
1853 1617 1914 1659 sic
1956 1618 2066 1670 foris
2097 1618 2279 1672 quotidie
2310 1618 2504 1660 manebat
2534 1622 2571 1659 et

376 1696 485 1737 servi
510 1709 595 1749 pro
624 1711 668 1737 eo
702 1695 989 1749 vapulabant!
1011 1695 1037 1746 ¹)

523 1772 739 1814 Videmus
771 1776 999 1827 stuporem
1032 1777 1074 1814 et
1106 1772 1341 1814 inscitiam.
1405 1772 1441 1814 si
1472 1772 1658 1814 alterum
1693 1772 1827 1814 huius
1859 1772 2034 1827 generis
2067 1771 2280 1814 addidero
2313 1772 2570 1828 exemplum

379 1854 530 1904 potero
562 1850 749 1890 fortasse
782 1863 827 1890 re
860 1848 991 1890 taedii
1027 1849 1159 1903 plena
1190 1848 1387 1904 defungi.

517 1928 582 1962 Ph
608 1927 659 1960 IV
686 1927 743 1961 31.
793 1926 898 1961 Calvi
938 1927 1139 1960 momordit
1178 1938 1307 1960 musca
1339 1927 1522 1961 nudatum
1560 1932 1684 1970 caput.
1734 1931 1855 1968 Quam
1887 1928 2100 1970 opprimere
2139 1933 2295 1971 captans
2322 1928 2471 1970 alapam
2498 1928 2569 1960 sibi

376 1987 485 2020 duxit
523 1996 686 2028 gravem.
736 1987 840 2019 Tunc
867 1985 930 2019 illa
956 1985 1141 2019 inridens:
1187 1987 1392 2025 ..Punctum
1421 1986 1581 2020 volucris
1616 1987 1792 2029 parwilae
1822 1987 1979 2020 Voluisti
2010 1991 2129 2020 morte
2157 1986 2303 2025 ulcisci;
2338 1986 2427 2028 quid
2456 1985 2570 2019 facies

375 2045 444 2080 tibi
483 2044 647 2079 Iniuriae
684 2044 747 2088 qui
786 2044 974 2079 addideris
1012 2044 1322 2079 contunieliam“‘.’
1375 2045 1596 2088 Respondit:
1640 2045 1807 2087 „Mecum
1841 2046 1949 2079 facile
1978 2046 2088 2079 redeo
2116 2046 2152 2079 in
2180 2046 2336 2088 gratiam
2366 2046 2461 2086 Quia
2489 2056 2563 2078 non

375 2104 493 2139 fuisse
532 2108 696 2138 mentem
736 2104 905 2138 laedendi
945 2104 1034 2139 scio.
1086 2104 1157 2139 Sed
1193 2108 1229 2139 te
1255 2104 1461 2148 contempti
1489 2104 1635 2147 generis
1662 2105 1801 2140 animal
1830 2105 2057 2149 improbum,
2085 2106 2189 2148 Quae
2215 2105 2413 2139 delectaris
2440 2105 2567 2138 hibere

374 2165 585 2198 humanum
610 2165 845 2206 sanguinein,
872 2168 1008 2208 (sptem
1036 2175 1168 2197 necare
1195 2164 1251 2197 vel
1280 2164 1420 2198 maiore.
1446 2164 1719 2199 incommodo‘.
1774 2165 1852 2199 Hoc
1879 2169 2102 2208 argumento
2130 2165 2279 2199 veniam
2310 2175 2460 2207 fniage.)
2489 2164 2568 2198 dari

373 2224 477 2258 decet
512 2224 635 2266 (docet
671 2223 780 2266 codd).
830 2224 900 2264 Qui
940 2236 1027 2258 casu
1067 2228 1196 2266 peccat
1233 2235 1346 2265 quam
1384 2224 1446 2266 qui
1486 2224 1643 2257 consilio
1681 2228 1739 2257 est
1776 2235 1931 2265 nocens,
1959 2225 2071 2257 lllum
2099 2234 2183 2258 esse
2209 2225 2382 2266 quamvis
2408 2224 2563 2266 dignum

374 2293 497 2327 poena
522 2282 657 2317 iudico.

514 2352 566 2378 ro
604 2342 620 2376 1
662 2342 705 2376 12
741 2341 816 2385 [ist]
854 2342 969 2376 Calvo
1008 2342 1080 2376 fuit
1118 2341 1299 2376 iniuriosa
1337 2353 1467 2376 musca
1491 2346 1529 2376 et
1555 2342 1696 2376 nudum
1724 2346 1838 2387 caput
1864 2343 2011 2387 capillis
2039 2343 2191 2377 assiduo
2218 2355 2345 2378 morsu
2373 2343 2567 2377 tundebat.

373 2403 435 2436 ille
472 2402 545 2435 sibi
582 2402 701 2445 alapis
739 2413 814 2435 non
855 2402 1041 2444 parcebat,
1079 2402 1208 2435 volens
1236 2401 1403 2444 iniquam
1429 2403 1488 2443 OE:
1518 2402 1707 2436 inimicam
1738 2403 1778 2440 Β)
1803 2412 1948 2445 capere.
1977 2403 2038 2436 illa
2067 2403 2192 2436 ridens
2221 2403 2305 2446 plus
2333 2402 2506 2436 faciebat.
2532 2407 2569 2436 et

372 2462 500 2495 calvus
538 2461 585 2494 ad
623 2472 705 2493 eam
744 2461 799 2493 sic
837 2461 907 2493 ait:
949 2461 1128 2501 ,Mortem
1155 2460 1303 2502 quaeris
1331 2461 1512 2502 improba.
1540 2471 1626 2493 nam
1655 2460 1762 2493 facilc
1790 2471 1935 2493 mecum
1965 2461 2075 2493 redeo
2103 2461 2139 2494 in
2167 2461 2345 2502 gratia1n;
2374 2466 2413 2494 tu
2440 2466 2567 2494 autem

372 2530 454 2554 mea
482 2518 651 2553 morieris
677 2519 804 2562 alapa“
834 2520 897 2562 413:
926 2519 991 2552 sed
1019 2518 1167 2552 facilem
1195 2522 1318 2552 tecum
1347 2519 1458 2553 redeo
1486 2518 1522 2552 in
1550 2519 1706 2561 gratiam
1734 2519 1765 2552 si
1795 2530 1854 2552 me
1882 2519 1984 2552 sinas
2011 2520 2205 2561 quiescere
2231 2520 2288 2553 1²¹³..

512 2587 556 2612 w
582 2578 598 2610 Ι
627 2577 669 2611 14
696 2577 812 2611 Calvo
838 2577 909 2611 fuit
936 2577 1117 2611 iniuriosa
1143 2587 1272 2610 musca
1298 2582 1337 2610 ut
1365 2577 1507 2611 nudum
1536 2581 1648 2621 caput
1674 2576 1818 2620 capillis
1845 2577 2001 2612 adsiduo
2029 2589 2156 2612 morsu
2181 2577 2443 2613 'icontenderit
2467 2589 2563 2619 (con-

371 2637 538 2671 tunderit
573 2635 656 2678 w').
706 2637 768 2669 ille
807 2648 894 2669 vcro
925 2635 1043 2679 alapis
1069 2636 1209 2679 (alapas
1235 2635 1308 2679 w'J
1334 2648 1407 2670 non
1438 2641 1563 2680 parcet
1588 2636 1703 2679 capiti
1732 2640 1782 2678 ‘fe
1811 2648 1830 2668 c
1856 2636 1938 2675 w¹],
1968 2637 2097 2670 volens
2126 2637 2292 2680 iniquam
2320 2648 2473 2681 capere:
2503 2638 2566 2671 illa

370 2697 496 2730 ridens
523 2696 607 2739 plus
634 2696 806 2730 faciebat.
855 2695 991 2729 deinde
1018 2695 1145 2729 calvus
1172 2695 1217 2728 ad
1244 2706 1327 2728 eam
1345 2696 1460 2729 dixit:
1486 2695 1664 2737 „Mortem
1684 2695 1849 2738 quereris
1875 2695 2097 2739 improbam.
2150 2697 2259 2730 facilc
2280 2708 2427 2731 mecum
2448 2697 2558 2730 redeo

371 2756 408 2790 in
435 2755 609 2799 gratiam:
637 2759 838 2790 contemno
863 2754 1022 2790 ’iactatis
1049 2754 1259 2790 iniuriam‘.

512 2812 555 2848 αδ
581 2816 636 2850 66.
688 2815 804 2850 Calvo
837 2815 1016 2849 iniuriosa
1052 2815 1124 2849 fuit
1150 2826 1279 2849 musca
1305 2818 1339 2849 et
1368 2815 1511 2850 nudum
1539 2820 1651 2859 caput
1678 2815 1830 2849 assiduo
1860 2827 1984 2850 morsu
2013 2817 2207 2851 tundebat.
2261 2817 2322 2851 ille
2348 2817 2418 2851 sibi
2448 2817 2567 2860 alapis

369 2887 444 2910 non
484 2877 661 2920 parcebat
696 2876 826 2910 volens
852 2875 1020 2918 iniquam
1048 2886 1188 2918 rapere.
1227 2875 1292 2908 illa
1318 2875 1444 2908 ridens
1472 2875 1556 2918 plus
1582 2876 1754 2909 faciebat.
1793 2880 1828 2909 et
1856 2876 1985 2909 valvus
2013 2876 2083 2910 ait:
2118 2876 2297 2918 ,Mortem
2326 2877 2475 2920 quaeris
2502 2877 2551 2911 im

369 2935 486 2979 proba
511 2935 672 2970 facilem.
699 2936 729 2969 si
757 2939 882 2969 tamen
910 2946 1056 2968 mecum
1084 2935 1237 2967 redieris
1265 2935 1303 2967 in
1330 2935 1486 2976 gratiam
1514 2946 1589 2968 non
1617 2934 1786 2968 morieris
1814 2946 1897 2969 inea
1923 2936 2065 2978 alapa‘.

511 3000 737 3050 Quoniam
770 2999 905 3055 igitur
936 2998 1150 3041 editiones
1183 2998 1295 3040 aliae
1327 2998 1453 3041 aliter
1485 2999 1727 3041 sententias
1760 2998 2026 3054 depravatas
2054 3000 2219 3042 habent
2243 3002 2448 3055 pessimis
2474 3015 2563 3042 inu-

369 3075 623 3124 tationibus,
674 3090 762 3118 non
811 3076 1042 3132 proprium
1091 3075 1177 3118 fuit
1214 3075 1332 3118 illius
1366 3075 1499 3118 fontis
1532 3089 1559 3116 π
1590 3075 1658 3118 vel
1694 3073 1744 3124 n,
1778 3075 1855 3117 sed
1888 3091 2128 3119 commune
2163 3077 2321 3119 vitium
2355 3082 2398 3120 et
2431 3078 2564 3120 huius

367 3160 411 3195 et
442 3167 596 3195 eorum
628 3154 706 3208 qui
739 3158 838 3208 post
870 3153 1161 3207 paraphrases
1193 3151 1297 3193 hinc
1329 3158 1531 3208 sumptas
1563 3152 1809 3199 ediderunt,
1844 3164 1896 3194 w
1928 3158 1970 3195 et
2002 3154 2091 3197 Ro.
2125 3154 2318 3209 denique
2341 3153 2559 3197 editorum

367 3230 547 3272 Romuli
583 3230 657 3275 Ae,
693 3230 740 3276 B,
777 3229 822 3277 F,
857 3230 1058 3275 aliorum,
1094 3235 1143 3271 ut
1174 3228 1350 3271 fabulas
1382 3229 1465 3271 hoc
1500 3229 1630 3271 modo
1664 3234 2012 3284 corrumperent.

510 3307 623 3349 Sunt
678 3312 827 3349 tamen
881 3308 1175 3364 paraphrases
1227 3308 1273 3349 in
1328 3320 1353 3347 π
1405 3320 1521 3362 quae
1574 3306 1755 3362 propius
1803 3306 1951 3349 absint
2012 3321 2036 3349 a
2098 3307 2313 3350 Phaedro.
2367 3309 2561 3364 exempli

366 3398 502 3427 causa
547 3385 731 3427 afferam
766 3385 1059 3439 paraphrasin
1091 3384 1268 3427 fabulae
1301 3383 1354 3426 de
1388 3383 1543 3440 pullo
1575 3389 1626 3425 et
1658 3384 1983 3436 margarita.
2019 3399 2069 3426 ea
2103 3399 2282 3439 quoque
2315 3392 2437 3427 extat
2470 3401 2558 3428 non

366 3458 508 3503 solum
557 3460 604 3504 in
653 3473 704 3505 w
741 3465 784 3504 et
815 3474 873 3505 ro
908 3475 1062 3504 verum
1095 3461 1230 3504 etiam
1261 3460 1376 3503 inter
1407 3460 1583 3503 fabulas
1617 3459 1940 3503 Ademarianas
1974 3462 2040 3513 (αδ
2076 3483 2127 3497 --
2163 3461 2340 3504 fabulae
2374 3462 2560 3504 Adema-

511 3568 535 3610 ¹)
559 3569 687 3604 Simile
719 3573 777 3603 est
800 3570 901 3612 quod
927 3569 1085 3603 Phaedr.
1113 3570 1164 3602 lv
1190 3570 1246 3602 23.
1277 3570 1290 3602 l
1321 3568 1429 3603 illone
1447 3567 1663 3611 parturibat
1683 3567 1838 3611 yemitus
1865 3579 2013 3612 maynos
2039 3569 2134 3602 ciens
2151 3570 2204 3601 sic
2229 3570 2398 3603 redditur
2415 3581 2466 3606 ro
2485 3572 2521 3604 11
2540 3571 2562 3605 ὃ

368 3625 525 3671 Quidam
551 3638 652 3663 mons
670 3626 903 3672 parturiebat
923 3626 1083 3673 yeminos
1108 3629 1274 3672 maynos!
