3198 4058
765 393 769 399 1
838 345 895 380 De
919 345 1121 389 generibus
1146 348 1185 381 et
1209 345 1316 380 libris
1342 345 1629 390 paraphrasium
1657 346 1988 381 Phaedrianarum.
2523 334 2577 375 13

379 462 453 496 que
489 450 572 486 Hoc
606 450 640 486 εἰ
678 454 808 486 natum
844 462 929 486 esse
960 462 1028 495 per
1052 453 1413 487 contaminationem
1439 456 1477 486 et
1501 453 1795 497 dittographiam
1822 454 2011 497 quandam
2038 464 2085 488 ex
2111 453 2194 494 loeo,
2220 464 2305 488 cum
2334 457 2509 496 metrum,
2536 456 2575 488 ut

379 518 424 551 fit
448 517 489 552 in
514 516 676 551 Phaedri
702 516 906 558 codicibus,
935 517 1107 551 versibus
1132 528 1209 551 non
1234 517 1519 552 discriberetur:
1546 517 1620 552 loeo
1647 520 1679 552 te
1701 517 1760 565 si>
1788 518 1862 553 loco
1887 518 2008 553 hocsi.
2041 538 2097 542 —
2131 512 2262 556 Hauc
2295 512 2496 556 fabulam
2528 512 2574 555 in

380 589 433 629 αδ
463 600 515 632 w
546 599 617 636 ro,
661 588 742 630 etsi
785 587 873 630 alia
903 589 1031 630 aliter
1062 589 1305 639 variantur,
1338 593 1487 631 tamen
1521 589 1578 631 ab
1609 588 1764 633 eodem
1799 589 2089 646 paraphraste
2120 589 2268 647 (quem
2303 603 2330 632 π
2363 589 2575 647 nomino),

380 666 627 723 profectam
678 680 773 708 esse
805 666 912 708 satis
944 666 1171 708 declarant
1202 679 1305 708 cum
1339 667 1482 709 multa
1513 667 1676 709 similia
1707 671 1801 710 tum
1836 667 1946 710 haec
1978 681 2094 724 quae
2125 680 2152 709 a
2183 666 2386 711 Phaedro
2417 666 2577 711 eodem

380 743 513 785 modo
546 743 598 784 αδ
628 755 680 787 w
712 754 770 785 ro
802 743 844 799 (i.
878 757 913 785 e.
949 744 989 798 π)
1034 742 1308 798 discrepant:
1348 744 1411 786 ait
1441 757 1490 785 πε
1524 744 1664 798 inquit
1694 744 1935 796 Phaedr.;
1969 769 2025 774 —-
2058 758 2150 786 oum
2179 745 2336 798 glaudio
2367 748 2578 798 rapuisse!

379 819 480 862 add.
516 834 560 861 πε
594 819 716 862 deest
748 833 818 875 ap.
851 819 1067 863 Phaedr.
1106 844 1156 858 τ-
1190 820 1368 875 (potius)
1400 834 1531 863 escam
1565 834 1718 875 quaero
1751 834 1798 862 π;
1825 822 1971 875 potior
2002 822 2069 863 cui
2100 825 2158 863 est
2188 822 2304 863 cibus
2333 819 2549 865 Phaedr-

521 896 635 939 Illud
669 911 849 952 quoque
882 897 1063 938 interest
1095 898 1210 939 inter
1241 898 1307 940 Αδ
1337 903 1381 939 et
1413 898 1464 938 αδ
1495 898 1615 953 quod
1653 898 1714 940 Αδ
1745 903 1864 940 totus
1898 899 1941 939 in
1976 898 2139 940 fabulis
2170 898 2459 940 Phaedrianis
2482 911 2573 941 ver-

379 979 514 1023 satur,
564 975 616 1014 αδ
661 979 809 1015 autem
855 988 943 1015 non
979 974 1111 1015 modo
1144 975 1445 1017 Phaedrianas
1477 975 1673 1017 continet
1709 974 1881 1017 fabulas
1914 975 1989 1017 sed
2024 976 2155 1017 etiam
2190 975 2310 1017 alias.
2375 988 2477 1017 nam
2514 975 2575 1017 fa-

383 1051 588 1094 bularum
623 1051 833 1094 Ademari
867 1052 978 1107 (Ad)
1010 1052 1119 1095 haec
1151 1058 1256 1095 sunt
1286 1067 1461 1110 genera.

381 1131 415 1173 Ι.
453 1130 516 1172 A&
546 1130 572 1172 i.
608 1144 642 1172 e.
679 1130 1074 1172 Phaedrianae
1107 1132 1490 1187 paraphrases
1523 1132 1833 1187 primariae
1865 1130 1953 1187 (ΙΙ);
1993 1131 2075 1174 Ad
2106 1132 2205 1187 (Αδ)
2238 1133 2277 1178 22
2311 1132 2350 1179 3:
2383 1134 2424 1180 4;
2461 1133 2498 1180 7;
2532 1134 2572 1179 Ως

600 1208 782 1257 12-1o;
832 1209 1020 1258 21-—233
1069 1210 1138 1258 2⁴5:
1188 1209 1256 1255 28:
1306 1209 1376 1258 29;
1425 1210 1613 1257 31--38;
1651 1210 1720 1257 43;
1753 1210 1824 1257 57;
1858 1211 1928 1256 5&
1962 1211 2031 1257 (503
2066 1212 2135 1256 «542
2169 1208 2367 1249 eiusdem
2401 1209 2574 1262 generis

592 1288 697 1326 sunt
727 1297 778 1327 w
814 1284 850 1326 V
885 1287 925 1333 9:
964 1286 1027 1327 10.
1061 1285 1246 1326 omnino
1278 1284 1458 1327 fabulae
1491 1285 1805 1340 undetriginta.

378 1361 435 1403 ῙῙ.
471 1361 521 1401 αδ
553 1361 579 1402 i.
614 1375 648 1402 e.
685 1360 913 1402 fabulae
946 1375 1007 1402 ex
1039 1356 1308 1402 thesauro
1347 1352 1783 1403 Pseudoromuli
1819 1368 2099 1417 sumptae,
2124 1376 2315 1416 quarum
2339 1367 2443 1402 sunt
2466 1362 2574 1402 haec

590 1451 773 1492 genera:

603 1515 643 1557 1.
711 1513 1018 1556 Phaedrianae
1060 1514 1352 1570 paraphrases
1390 1514 1677 1557 secundariae
1710 1516 1786 1570 (π);
1819 1514 1903 1558 Ad
1935 1515 2015 1569 (αδ)
2053 1518 2087 1564 l:
2121 1518 2161 1563 5:
2201 1518 2265 1563 11;
2304 1517 2368 1565 17;
2407 1518 2471 1563 18:
2506 1517 2573 1563 27:

698 1593 767 1640 39:
801 1592 871 1641 40;
904 1593 974 1639 42:
1009 1592 1197 1639 44--503
1229 1593 1299 1640 54:
1333 1593 1403 1637 55:
1437 1593 1624 1639 61-‹;3;
1658 1593 1727 1641 ⁴55:
1761 1594 1836 1633 6⁴5:
1873 1592 2050 1634 fabulae
2085 1592 2240 1647 viginti
2274 1597 2373 1634 tres.

592 1668 639 1711 2.
705 1666 884 1710 fabulae
932 1681 1045 1723 quas
1093 1667 1394 1709 Phaedrianas
1443 1682 1530 1709 non
1565 1681 1658 1710 esse
1692 1668 1758 1710 vcl
1792 1674 1977 1724 apparet
2012 1669 2078 1710 vel
2113 1667 2341 1723 probabile
2373 1673 2459 1710 est:
2493 1668 2574 1711 Ad

712 1745 793 1801 (αδ)
842 1747 880 1795 (ἰ;
931 1746 970 1795 83
1025 1746 1089 1794 10:
1147 1747 1210 1795 19;
1261 1746 1328 1794 20:
1380 1747 1448 1793 24:
1497 1747 1566 1794 25:
1601 1746 1669 1795 30;
1701 1746 1798 1788 51—
1821 1746 1891 1795 53:
1925 1747 1994 1796 =·›6;
2028 1747 2098 1795 59:
2133 1746 2207 1788 67:
2243 1745 2421 1788 fabulae
2453 1750 2574 1801 quat-

713 1822 972 1865 tuordecim.

592 1900 639 1944 3.
704 1899 858 1943 fabula
889 1900 1192 1943 contaminata
1223 1914 1277 1942 ex
1311 1900 1568 1956 paraphrasi
1604 1900 1881 1943 Phaedriana
1915 1905 1958 1942 et
1989 1901 2076 1942 alio
2110 1901 2251 1942 fonte:
2285 1899 2368 1944 Ad
2400 1900 2480 1955 (αδ)
2508 1902 2571 1942 10.

522 1988 671 2031 Codex
704 2000 756 2032 w
787 1993 935 2031 autem
970 1988 1115 2031 nullas
1148 1988 1324 2035 fabulas
1357 1987 1532 2031 videtur
1565 1988 1727 2031 habere
1757 1994 1931 2044 praeter
1953 1989 2248 2044 paraphrases
2271 1988 2573 2031 Phaedrianas

382 2066 448 2107 vel
483 2079 537 2107 ex
570 2065 773 2108 Phaedro
806 2065 898 2108 solo
931 2065 1086 2108 ductas
1119 2066 1188 2108 vel
1221 2065 1557 2109 contaminatas.
1592 2069 1637 2108 at
1668 2064 2050 2120 quemadmodum
2086 2065 2137 2107 αδ
2158 2064 2263 2108 item
2288 2077 2346 2109 ro
2369 2091 2424 2096 -—
2447 2065 2573 2108 cuius

382 2142 442 2182 rei
478 2147 766 2198 conspectum
802 2141 1023 2198 praebebo
1056 2142 1100 2183 in
1134 2143 1271 2184 altero
1304 2141 1416 2184 libro
1448 2167 1512 2173 —v
1536 2140 1669 2184 habet
1702 2141 1784 2184 tria
1807 2140 2060 2184 fabularum
2084 2155 2250 2196 genera
2272 2142 2424 2184 mixta.
2454 2141 2573 2197 quod

378 2217 560 2272 quidem
609 2223 957 2260 consentaneum
1007 2223 1083 2260 est.
1149 2232 1252 2260 nam
1302 2232 1404 2260 cum
1454 2217 1615 2260 fabulis
1662 2228 1720 2261 ro
1768 2217 1941 2260 fabulas
1990 2217 2041 2259 αδ
2073 2218 2278 2274 propiore
2310 2218 2575 2275 cognatione

379 2295 641 2338 coniunctas
673 2309 769 2338 esse
803 2310 938 2352 quam
974 2310 1075 2338 cum
1110 2308 1161 2339 w
1193 2301 1235 2338 et
1268 2295 1505 2338 verborum
1538 2295 1781 2338 similitudo
1813 2295 2008 2338 declarat
2039 2301 2082 2337 et
2113 2295 2221 2338 ordo
2244 2295 2499 2338 fabularum
2526 2295 2576 2336 αδ

375 2386 476 2414 cum
511 2383 570 2415 ro
602 2373 746 2428 magis
777 2374 1049 2416 conveniens
1081 2387 1218 2429 quam
1251 2387 1352 2415 cum
1387 2385 1449 2417 w.

520 2452 646 2492 Nunc
697 2450 833 2505 igitur
880 2456 928 2493 ut
960 2450 1206 2506 explicetur
1237 2451 1346 2494 haec
1379 2451 1489 2493 ratio
1521 2450 1824 2493 ordinatarum
1859 2451 1985 2492 aliter
2016 2451 2112 2492 aliis
2146 2450 2269 2493 libris
2302 2450 2571 2494 fabularum.

380 2527 575 2582 primum
623 2527 680 2587 Vde
728 2527 960 2570 ordinibus
1010 2528 1264 2570 fabularum
1314 2541 1373 2572 ro
1405 2533 1447 2571 et
1479 2541 1543 2575 w,
1577 2533 1672 2570 tum
1705 2528 1758 2570 de
1791 2539 1849 2571 ro
1882 2535 1922 2570 et
1958 2529 2008 2568 αδ
2041 2528 2234 2570 breviter
2264 2527 2424 2571 dicam.
2459 2528 2573 2584 prin-

377 2604 493 2661 cipio
541 2605 618 2661 qui
667 2605 774 2647 ordo
822 2604 1048 2662 cuiusque
1088 2607 1226 2661 part-is
1274 2607 1409 2648 suerit
1441 2606 1627 2648 dubium
1661 2612 1737 2648 est.
1773 2619 1876 2647 nam
1911 2606 1944 2646 si
1980 2606 2152 2661 pristini
2187 2605 2355 2648 ordinis
2390 2606 2575 2661 vestigia

380 2682 601 2740 quaedam
636 2698 689 2725 ex
723 2683 912 2726 Phaedri
946 2684 1174 2727 codicibus
1208 2689 1403 2740 repetere
1435 2684 1709 2732 conabimur,
1737 2684 1949 2726 continuo
1979 2683 2312 2739 implicabimur
2337 2684 2571 2726 erroribus

383 2775 528 2815 neque
577 2761 694 2804 enim
747 2762 936 2804 Phaedri
984 2761 1224 2811 codicibus,
1274 2761 1392 2817 quod
1443 2761 1688 2804 luculenter
1735 2761 2009 2803 demonstrat
2058 2761 2273 2808 Havetus,
2312 2761 2368 2804 ad
2402 2761 2576 2804 fabulas

378 2838 569 2881 Phaedri
618 2838 891 2881 ordinandas
940 2853 1128 2894 magnae
1162 2844 1267 2880 sunt
1298 2839 1413 2885 fidei.
1448 2853 1593 2894 neque
1628 2838 1813 2880 Phaedri
1847 2838 1988 2893 ipsius
2020 2838 2221 2880 ordinem
2257 2839 2575 2895 paraphrastae

377 2914 588 2958 videntur
618 2915 854 2972 diligenter
885 2916 1143 2958 observasse
1177 2930 1323 2972 neque
1355 2917 1400 2958 in
1435 2916 1693 2972 paraphrasi
1730 2915 2008 2958 Phaedriana
2040 2916 2118 2958 toti
2155 2916 2315 2958 versati
2350 2922 2455 2958 sunt
2498 2916 2572 2958 mi-

377 2999 680 3049 scueruntque
723 2993 888 3036 fabulis
926 2994 1218 3035 l'liacdrianis
1249 2994 1429 3035 alienas.
1494 2995 1607 3035 (¹u1n
1642 3007 1744 3035 vero
1777 2994 1971 3034 incertus
2003 2994 2059 3035 sit
2091 2994 2198 3035 ordo
2231 2994 2446 3049 pristinus
2477 2998 2571 3035 tum

377 3075 494 3113 certe
527 3071 657 3113 valde
691 3071 895 3114 turbatus
927 3076 993 3113 est
1025 3071 1070 3112 in
1104 3070 1226 3112 libris
1259 3071 1667 3127 paraphrastarum.
1702 3071 1827 3112 cuius
1860 3071 1921 3112 rei
1945 3084 2081 3113 causa
2104 3070 2279 3113 videtur
2301 3070 2496 3112 maxime
2518 3070 2575 3112 ab

376 3163 428 3190 eo
474 3162 569 3191 esse
607 3148 848 3205 repetenda
879 3148 997 3204 quod
1034 3153 1203 3191 mutato
1235 3148 1391 3190 ordine
1423 3148 1697 3204 quaerebant
1729 3148 1939 3190 novitatis
1971 3148 2421 3190 commendationem.
2456 3161 2573 3189 acce-

377 3225 510 3268 debat
558 3240 905 3281 nonnumquam
953 3225 1187 3268 consilium
1236 3225 1527 3267 continuandi
1566 3225 1741 3267 fabulas
1776 3224 1843 3266 vel
1876 3224 2090 3266 similium
2124 3224 2387 3266 animalium
2421 3224 2489 3267 vel
2523 3225 2572 3266 si-

379 3303 496 3346 milis
543 3304 809 3359 argumenti.
860 3303 1016 3346 similis
1063 3302 1313 3358 argumenti
1361 3303 1625 3344 coniunctae
1672 3302 1715 3343 in
1750 3314 1801 3344 w
1833 3308 1876 3343 et
1908 3313 1965 3344 ro
1999 3302 2178 3343 fabulae
2209 3301 2264 3344 de
2297 3301 2441 3357 hydro
2473 3315 2575 3357 rege

383 3393 594 3424 ranarum
642 3385 686 3424 et
732 3380 786 3423 de
835 3381 973 3423 miluo
1020 3395 1122 3436 rege
1169 3380 1477 3423 columbarum
1516 3392 1574 3423 ro
1608 3380 1647 3421 ΙΙ
1687 3383 1701 3420 1
1741 3385 1784 3421 et
1816 3381 1842 3420 2
1875 3399 1929 3416 =
1963 3391 2014 3421 w
2048 3380 2110 3421 ΙΙΙ
2146 3381 2168 3421 7
2203 3384 2243 3421 et
2277 3380 2314 3422 8,
2349 3393 2451 3421 cum
2487 3379 2573 3421 sint

376 3457 496 3514 apud
544 3458 799 3502 Phaedrum
847 3463 1076 3515 separatae
1120 3457 1323 3514 (Phaedr.
1360 3458 1378 3500 Ι
1410 3459 1461 3500 31
1499 3463 1541 3500 et
1574 3459 1658 3510 23),
1692 3458 1920 3513 item-app
1960 3460 2009 3498 15
2042 3464 2081 3499 et
2116 3461 2171 3499 29
2204 3464 2246 3499 et
2283 3461 2334 3498 19
2366 3457 2421 3499 de
2456 3458 2572 3498 vitiis

383 3535 621 3581 mulierum
672 3538 717 3581 in
756 3549 814 3582 ro
846 3537 1110 3580 coniunctae
1143 3542 1248 3579 sunt
1280 3549 1338 3580 ro
1371 3536 1434 3578 III
1468 3538 1625 3585 8—10,
1659 3536 1703 3577 in
1737 3548 1788 3578 w
1821 3536 1941 3577 deest
1976 3537 2107 3576 hodie
2140 3548 2197 3578 ro
2231 3536 2270 3576 ΙΙ
2305 3538 2344 3580 9,
2379 3536 2576 3591 reliquae

385 3613 500 3659 duae
547 3614 703 3659 eodem
752 3614 907 3658 ordine
938 3614 1201 3657 coniunctae
1234 3619 1348 3656 sunt.
1385 3613 1596 3656 similium
1631 3613 1891 3655 animalium
1927 3613 2105 3655 fabulae
2138 3614 2412 3655 coniunctae.
2448 3618 2494 3654 ut
2528 3614 2572 3654 in
