3198 4058
937 253 995 308 De
1020 252 1223 298 generibus
1247 255 1288 289 et
1311 251 1419 298 libris
1444 252 1730 297 pau-aphranium
1758 252 2090 288 Phaedrianarum.
2324 295 2334 307 ·
2590 241 2619 282 ἴ)

630 331 815 412 bonum,
863 358 1012 404 *nunc
1057 359 1211 403 feratis
1257 358 1453 411 malum;
1502 359 1623 409 hunc
1670 359 1884 402 sustinete
1922 358 2132 416 [malum]
2164 371 2222 401 ne
2252 358 2380 415 peior
2407 357 2620 401 adveniat

628 434 798 480 vobis»

628 518 724 554 Adn.
749 518 890 554 critica.
918 521 949 555 3
975 528 1100 563 quem,
1129 518 1159 554 ’7
1186 518 1382 561 minotant,
1409 519 1441 554 9
1468 519 1646 563 hydram:
1673 527 1757 551 com·
1781 516 1921 552 Nilant.
1950 537 1992 541 —-
2019 519 2051 552 9
2080 528 2123 561 sq
2150 518 2214 561 qui
2239 519 2330 552 dum
2359 537 2402 541 —
2420 517 2618 574 corripuis-

628 583 690 614 set
726 598 770 603 —
811 583 925 622 atque
960 578 1111 623 scripsi.-
1151 579 1214 622 qui
1251 597 1294 602 —
1321 578 1548 622 comper-ieet
1574 598 1616 602 —
1643 578 1708 621 qui
1733 578 1837 613 dum.
1865 598 1906 601 —-
1939 579 2000 613 12
2029 577 2091 612 ille
2115 575 2334 613 adieci.13
2362 589 2464 612 nunc
2489 576 2621 612 conieci

628 640 653 673 ι’.
678 649 706 673 e.
733 649 801 673 nc:
828 636 1036 682 uiood[ut
1059 635 1126 672 Na
1150 636 1276 682 Hera]

558 743 615 787 Et
644 743 755 787 haec
788 743 970 800 quidem
1005 741 1041 784 11
1073 743 1099 786 i.
1136 757 1171 786 e.
1210 741 1285 785 Αδ.
1319 742 1396 798 qui
1429 755 1548 784 unus
1570 741 1706 785 habet
1726 742 1861 784 huius
1883 741 2063 785 fabulae
2088 742 2381 798 paraphrasin
2404 756 2459 785 ex
2481 742 2618 785 Phae-

414 821 494 864 dro
541 821 634 863 solo
676 825 917 876 sumptam.
951 834 1057 862 nam
1091 819 1167 862 illa
1197 819 1332 861 huius
1363 817 1544 861 fabulae
1576 819 1862 874 paraphrasis
1895 833 2011 874 quae
2043 826 2110 861 est
2141 819 2187 861 in
2219 831 2278 862 ro
2310 825 2354 861 et
2384 832 2447 867 w.
2481 818 2619 861 ducta

413 902 480 942 est
510 897 671 954 partim
706 911 761 940 ex
792 896 879 940 alio
911 897 1037 940 fonte
1068 897 1232 952 partim
1265 911 1320 939 ex
1352 895 1628 952 phaedriana
1658 895 1934 951 paraphrasi.
2000 910 2089 938 non
2122 896 2258 951 igitur
2287 895 2538 939 adscribam
2561 910 2615 939 ex

416 987 467 1019 w
513 978 593 1018 aut
637 986 697 1018 ro
745 973 1001 1017 testimonia
1047 988 1180 1023 nunc,
1219 987 1320 1016 cum
1363 972 1555 1028 exempli
1590 986 1725 1015 causa
1756 972 1981 1028 proferam
2015 972 2123 1029 quid
2157 972 2358 1016 utilitatis
2389 972 2445 1016 ad
2480 972 2616 1016 verba

414 1066 531 1108 quae
580 1065 717 1108 supra
762 1050 977 1108 adscripsi
1017 1050 1207 1094 Phaedri
1256 1050 1275 1092 I
1323 1051 1362 1092 2.
1409 1051 1577 1092 10-21
1613 1048 1702 1105 peti
1736 1049 1875 1105 possit
1906 1064 1961 1092 ex
1995 1050 2254 1106 paraphrasi
2289 1049 2358 1093 vel
2390 1055 2439 1093 ut
2470 1065 2614 1093 emen·

415 1128 580 1172 dentur
610 1141 663 1171 ea
694 1141 810 1183 quae
841 1128 888 1170 in
921 1127 1150 1170 codicibus
1181 1126 1375 1169 Phaedri
1407 1127 1497 1168 sint
1528 1131 1736 1181 corrupta
1767 1125 1837 1168 vel
1861 1132 1909 1168 ut
1931 1125 2068 1168 dubia
2089 1127 2418 1169 constituantur
2438 1128 2613 1170 certius.

414 1205 525 1249 haec
556 1204 694 1260 igitur
723 1203 934 1248 adnotavi
966 1203 1031 1247 ad
1065 1202 1308 1247 Phaedri
1344 1201 1447 1246 fab.
1484 1201 1501 1244 I
1535 1203 1573 1245 2.
1613 1203 1794 1245 10-31.
1836 1228 1881 1233 —-
1918 1213 2051 1247 vers.
2091 1203 2167 1247 11.
2201 1219 2229 1247 α
2262 1204 2357 1246 Iov-e
2384 1201 2528 1248 PRn:
2562 1205 2615 1247 ab

417 1282 518 1324 Iove
549 1280 884 1337 Cunningham.
918 1304 974 1310 —
1013 1280 1088 1323 14.
1121 1279 1299 1334 tiyillum
1334 1303 1389 1309 —
1421 1279 1533 1334 quod
1563 1303 1618 1308 -
1650 1279 1800 1322 terruit
1823 1279 2031 1333 paralum
2058 1294 2201 1334 yenus.
2225 1280 2300 1323 hoc
2319 1294 2497 1322 mersum
2517 1279 2615 1322 limo

415 1372 507 1401 cum
554 1358 708 1400 iaceret
762 1357 924 1413 diutius
954 1381 1009 1387 ——
1043 1381 1098 1387 —
1132 1355 1242 1398 haec
1288 1355 1423 1398 verba
1459 1353 1491 1396 [l
1527 1355 1589 1397 sic
1620 1354 1936 1412 interpretatus
1967 1360 2034 1397 est
2065 1355 2193 1412 quasi
2225 1356 2300 1399 hoc
2328 1355 2385 1398 ad
2409 1357 2615 1411 pavidum

411 1448 544 1490 ,oenus
590 1434 834 1490 referretur,
882 1434 986 1476 item
1040 1433 1296 1488 Heusinger
1341 1444 1444 1474 cum
1476 1431 1648 1474 scribit:
1681 1433 1755 1475 hoc
1785 1445 1965 1475 mmmm
1997 1434 2022 1474 l.
2057 1446 2088 1474 e.
2123 1434 2268 1475 lateret
2297 1434 2336 1475 d.
2371 1433 2490 1489 quod
2525 1446 2613 1475 non

413 1516 541 1562 recte,
585 1526 704 1561 nam,
743 1511 862 1566 quod
896 1510 1258 1553 animadvertens
1290 1509 1494 1552 Havetus
1526 1514 1755 1565 comparat
1784 1524 1944 1564 graeca
1982 1510 2115 1552 huius
2148 1510 2327 1553 fabulae
2360 1510 2506 1557 verba.
2541 1512 2615 1554 hoc

417 1590 606 1631 refertur
651 1587 708 1630 ad
755 1588 949 1643 tiyillum.
998 1612 1055 1618 —
1101 1585 1176 1630 17.
1207 1587 1377 1643 profert
1407 1586 1525 1647 (BP).
1544 1584 1603 1627 Il:
1631 1587 1797 1642 perfert
1827 1587 1866 1629 P
1897 1592 2006 1628 teste
2040 1586 2245 1629 Roberto.
2281 1612 2335 1617 ——
2368 1588 2449 1630 20.
2482 1601 2612 1641 supra

415 1664 468 1707 11:
520 1679 649 1720 super
690 1665 828 1719 PRg:
877 1677 1032 1718 supera
1079 1664 1126 1706 L.
1177 1663 1363 1705 Mueller
1409 1663 1622 1705 Havetus.
1673 1663 1748 1705 sed
1787 1669 1937 1706 tamen
1971 1663 2127 1706 eodem
2161 1664 2206 1705 in
2240 1677 2395 1706 versus
2427 1664 2540 1720 pede
2570 1670 2614 1706 et

418 1741 651 1785 Phaedrus
699 1741 761 1784 IV
811 1743 883 1793 25,
930 1742 987 1784 24
1018 1742 1267 1784 Humanam
1303 1755 1436 1794 supra
1459 1741 1649 1796 sormam
1681 1746 1723 1790 et
1754 1740 1923 1783 Seneca
1953 1741 1998 1783 in
2032 1741 2236 1784 Phaedra
2268 1742 2354 1784 935
2388 1742 2615 1796 Hiemsque

411 1834 545 1873 supra
586 1819 780 1872 positus;
826 1817 889 1860 Id.
924 1833 964 1860 v.
1019 1819 1152 1865 1158:
1203 1817 1333 1860 Herc.
1384 1817 1469 1861 fur.
1524 1818 1648 1859 1189.
1685 1842 1739 1847 —-
1774 1817 1844 1861 26
1867 1818 2066 1872 suyitant
2096 1816 2195 1860 Pll:
2220 1818 2401 1872 fuyiant
2431 1818 2522 1873 Rg.
2556 1843 2609 1848 —-

412 1909 553 1938 vocem
599 1894 658 1937 P:
701 1908 815 1937 voces
849 1892 895 1935 ΙἸ.
930 1918 986 1924 —
1018 1894 1100 1936 30.
1139 1894 1334 1936 «Malum
1357 1893 1586 1949 persone».
1621 1918 1676 1924 ——
1721 1894 1801 1935 Vos
1830 1907 1990 1948 quoque
2022 1894 2169 1948 †m‘2·es,
2202 1894 2277 1947 ait,
2312 1894 2387 1936 hoc
2416 1894 2614 1936 sustinete

413 1971 452 2015 P
483 1971 598 2027 (BP).
635 1971 681 2014 in
720 1969 755 2012 ΙΙ
789 1975 936 2013 autem
972 1970 1080 2013 haec
1121 1953 1258 2013 verba
1288 1969 1499 2012 dicuntur
1529 1983 1620 2012 non
1652 1969 1826 2012 civibus
1857 1970 2016 2012 Atticis
2047 1969 2123 2012 sed
2158 1970 2290 2018 ranis,
2323 1984 2379 2013 ex
2400 1984 2491 2026 quo
2512 1984 2610 2013 con-

412 2047 499 2089 icio
542 2060 566 2089 a
626 2046 831 2089 Phaedro
878 2046 962 2088 hoc
999 2059 1129 2088 versu
1177 2045 1449 2088 mentionem
1497 2046 1660 2088 factam
1693 2059 1788 2088 esse
1820 2046 1985 2088 civium
2021 2046 2270 2088 Atticorum
2303 2046 2486 2089 nullam.
2521 2047 2610 2089 iam

411 2123 532 2179 quod
582 2123 927 2165 Rittershausen
975 2136 1077 2164 cum
1126 2121 1224 2164 aliis
1249 2121 1445 2164 ¹numeri
1483 2120 1767 2164 suffulciendi
1800 2135 1935 2164 causa
1967 2121 2121 2177 legunt
2156 2122 2230 2177 <ο>
2265 2123 2383 2176 cives,
2416 2137 2467 2164 eo
2501 2123 2611 2165 nihil

411 2204 553 2255 agunt
583 2198 638 2241 ad
674 2197 1010 2240 emendandum
1043 2212 1147 2239 eum
1181 2212 1360 2239 versum
1394 2198 1521 2240 cuius
1554 2212 1643 2239 non
1677 2197 1808 2239 modo
1841 2204 2033 2239 metrum
2067 2197 2143 2239 sed
2177 2199 2442 2240 sententiani
2466 2199 2608 2255 ipsam

412 2277 703 2332 depravatam
739 2290 835 2318 esse
866 2277 1015 2331 ipsum
1050 2276 1134 2317 hoc
1166 2277 1274 2317 cives·
1303 2281 1473 2330 arguat.
1508 2276 1626 2330 quod
1661 2276 1695 2316 si
1728 2281 1843 2316 esset
1873 2289 1900 2316 a
1931 2275 2135 2316 Phaedro
2167 2277 2394 2331 scriptum,
2427 2290 2454 2318 a
2476 2277 2610 2318 Phae·

410 2353 491 2394 dro
523 2354 732 2408 Aesopus
764 2353 1061 2394 Athenienses
1094 2353 1156 2393 sic
1187 2352 1435 2406 adloquens
1467 2352 1751 2393 induceretur
1781 2353 1909 2406 quasi
1941 2353 2036 2406 ipse
2070 2354 2271 2407 Aesopus
2300 2358 2415 2394 esset
2435 2359 2479 2394 et
2500 2354 2610 2394 civis

409 2436 452 2472 et
485 2431 672 2478 Atticus,
709 2443 846 2485 quem
878 2435 1030 2471 tamen
1061 2428 1294 2470 Phaedrus
1325 2428 1573 2470 secundum
1607 2443 1891 2470 communem
1926 2430 2095 2469 famam
2128 2430 2265 2470 faciat
2295 2436 2339 2471 et
2363 2444 2542 2471 servum
2566 2435 2611 2470 et

410 2508 659 2563 Phrygem:
707 2507 939 2548 Phaedrus
988 2507 1050 2547 III
1094 2520 1146 2562 pr
1177 2508 1234 2547 52
1269 2507 1419 2560 Phrycr
1451 2508 1641 2559 Aesopus
1653 2521 1668 2557 ;
1699 2505 1763 2546 III
1799 2508 1863 2546 19.
1903 2509 1919 2545 1
1958 2508 2148 2559 Aesopus·
2178 2508 2343 2547 domino
2374 2509 2486 2548 solus
2516 2521 2609 2548 cum

411 2589 512 2627 esset
535 2584 717 2639 familia
727 2599 743 2638 ;
774 2598 864 2639 app
901 2585 964 2625 17.
1003 2586 1021 2624 1
1059 2584 1252 2637 Aesopus
1285 2584 1400 2637 turpi
1431 2598 1521 2625 cum
1559 2583 1946 2637 serviret-feminae.
1971 2596 2075 2638 ergo
2097 2583 2327 2625 Phaedrus
2350 2597 2439 2625 non
2463 2584 2609 2639 potuit

411 2663 556 2704 facere
589 2662 817 2717 Aesopum
855 2661 1153 2718 appellantem
1193 2661 1488 2703 Athenienses
1519 2661 1638 2703 cives
1669 2675 1785 2702 suos.
1819 2675 1973 2702 verum
2008 2666 2171 2709 tamen,
2206 2661 2326 2716 quod
2359 2675 2491 2717 saepe
2524 2675 2608 2702 usu

410 2739 547 2789 venit,
582 2739 850 2780 manifestae
882 2738 1158 2793 corruptelae
1190 2737 1401 2778 correctio
1433 2743 1500 2778 est
1530 2738 1708 2778 incerta.
1743 2736 1797 2777 ad
1831 2738 2095 2778 sententiam
2130 2737 2313 2792 quidem
2342 2738 2453 2778 nihil
2476 2737 2609 2778 credo

410 2815 605 2858 obstabit
651 2817 892 2870 quominus
940 2801 1084 2869 legas*
1108 2815 1193 2856 sic:
1247 2832 1263 2851 <‹
1284 2815 1364 2856 Vos
1408 2828 1567 2867 quoque
1611 2815 1795 2856 homines
1840 2814 2116 2868 <vestr-um>»‚
2150 2815 2224 2864 ait,
2264 2815 2383 2857 «Hoc
2411 2815 2610 2856 gastineto

409 2892 552 2934 maius
582 2906 634 2933 ne
668 2892 811 2933 veniat
840 2891 1040 2932 malum».
1075 2890 1138 2931 sic
1170 2890 1383 2932 transitus
1414 2890 1463 2932 fit
1494 2889 1550 2932 ab
1582 2890 1700 2932 ranis
1733 2889 1815 2931 sub
1848 2889 1989 2944 hydro
2021 2889 2285 2944 degentibus
2307 2890 2362 2932 ad
2386 2890 2608 2932 subiectos

410 2971 601 3022 tyranno
650 2966 872 3008 homines.
922 2965 1041 3020 quod
1079 2966 1115 3007 si
1149 2965 1379 3007 Phaedrus
1410 2966 1646 3020 scripserat
1675 2966 1872 3018 homines,
1905 2965 2155 3020 corruptela
2187 2966 2373 3008 fortasse
2406 2972 2510 3008 nata
2542 2972 2608 3008 est

411 3043 678 3099 compendio
710 3043 795 3084 sie:
829 3044 925 3084 Mes
960 3042 979 3096 >
1014 3044 1137 3084 ciues.

553 3119 703 3163 Etiam
751 3121 797 3162 in
846 3119 932 3162 illis
979 3120 1146 3162 fabulis
1193 3133 1308 3174 quae
1350 3119 1513 3162 desunt
1545 3118 1733 3161 Phaedri
1765 3118 2005 3169 codicibus,
2038 3120 2144 3161 satis
2176 3118 2320 3162 elucet
2350 3126 2520 3175 quanta
2552 3121 2609 3162 sit

410 3198 587 3252 generis
620 3195 655 3238 ΙΙ
690 3197 974 3252 praestantia.
1010 3211 1115 3239 nam
1148 3211 1250 3240 cum
1284 3211 1373 3239 non
1407 3195 1540 3239 modo
1572 3196 1765 3251 plurima
1796 3188 1987 3238 Phaedri
2021 3196 2155 3239 verba
2186 3196 2261 3239 sed
2285 3197 2418 3239 etiam
2444 3198 2608 3240 multas

411 3278 560 3331 partes
608 3288 819 3317 versuum
872 3278 1077 3329 totosque
1124 3272 1351 3316 interdum
1398 3287 1552 3316 versus
1600 3273 1793 3329 integros
1828 3270 1859 3313 Π
1895 3273 2149 3323 servaverit,
2193 3287 2324 3330 saepe
2362 3274 2608 3331 poterimus

410 3366 502 3395 non
538 3351 794 3395 Phaedrum
827 3352 974 3407 ipsum
1008 3350 1288 3407 deperditum
1322 3351 1552 3394 restituere
1585 3377 1640 3381 —
1661 3349 1782 3406 quod
1805 3350 1987 3406 quidem
2010 3366 2258 3408 numquam
2283 3353 2528 3408 poterimus
2554 3379 2606 3383 —

411 3427 487 3472 sed
535 3428 850 3473 adumbratam
897 3427 1126 3485 quandam
1175 3427 1363 3485 adsequi
1408 3428 1504 3472 eius
1550 3426 1901 3471 similitudinem.
1947 3428 2075 3472 euius
2105 3429 2281 3484 generis
2313 3429 2607 3486 paraphrases

411 3519 514 3549 cum
548 3510 702 3567 extent
733 3507 777 3549 in
810 3505 893 3550 Ad
924 3505 1375 3566 quattuordeoinLjn
1409 3518 1460 3549 w
1492 3519 1594 3554 una,
1629 3504 1835 3561 exempla
1866 3505 2056 3548 afferum
2090 3505 2201 3549 haec
2231 3505 2321 3549 duo
2335 3492 2349 3548 τ’
