3198 4058
617 298 670 337 12
716 300 724 304 ’
825 336 827 339 .
1158 318 1161 321 ·
1384 338 1386 341 .
1566 308 1607 345 C.
1633 310 1683 344 M.
1711 309 1868 345 zander.

611 414 764 458 tianae
786 428 841 458 ex
862 414 967 470 Ro).
993 429 1099 457 nam
1120 429 1236 470 quae
1258 415 1305 457 in
1323 414 1588 458 Ademari
1622 415 2021 458 Cabannensis
2051 415 2249 459 codiee
2280 415 2678 459 Lemovicensi
2700 415 2814 472 (Ad)

611 495 735 534 extat
780 490 978 534 collectio
1028 490 1284 534 fabularum
1317 516 1373 522 —-
1405 506 1543 547 quam
1586 492 1796 535 Ademari
1831 492 2023 535 breviter
2055 492 2251 540 nomino,
2284 506 2562 549 quamquam
2596 493 2717 534 facta
2746 498 2814 535 est

611 574 715 610 ante
747 568 1023 610 Ademarum
1057 595 1113 600 —
1145 569 1235 611 duo
1266 571 1465 611 continet
1497 570 1636 611 mixta
1667 584 1832 626 genera
1864 569 2204 626 paraphrasium
2238 569 2634 618 Phaedrianarum.
2669 582 2812 612 unum

612 646 720 701 (Αδ),
754 646 875 701 quod
908 651 976 689 est
1005 647 1306 703 antiquissimi
1341 647 1659 703 paraphrastae
1691 645 1781 703 (Π);
1815 646 2004 689 alterum
2039 648 2260 690 recentius
2291 648 2385 704 (αδ),
2408 660 2436 689 a
2457 647 2710 703 posteriore,
2733 645 2811 690 sed

613 728 657 765 et
702 723 799 777 ipso
845 724 1032 779 antiquo
1080 725 1370 780 paraphrasta
1418 725 1475 779 (π)
1507 730 1667 766 ortum.
1704 739 1785 768 nee
1818 739 1922 767 vero
1956 723 2088 766 ullius
2121 724 2299 766 fabulae
2331 724 2465 767 ambo
2495 738 2661 780 genera
2694 723 2813 766 Αδαδ

614 798 747 841 hodie
778 804 1033 854 supersunt.
1069 799 1192 842 nulla
1224 802 1342 842 enim
1377 806 1443 843 est
1474 802 1520 842 in
1552 801 1635 844 Ad
1667 801 1820 844 fabula
1850 801 1959 856 quin
1994 801 2051 843 sit
2072 804 2150 843 aut
2170 800 2346 856 generis
2370 800 2433 843 Αδ
2454 804 2532 843 aut
2551 781 2727 857 generis
2750 800 2813 841 αδ.

612 874 790 919 fabulae
822 876 998 932 generis
1032 877 1096 920 Αδ
1127 882 1448 921 enumerantur
1481 893 1522 932 p.
1562 880 1625 920 13.

756 952 948 996 Fabulas
998 954 1061 996 Αδ
1107 970 1197 997 non
1240 955 1432 997 multum
1466 957 1559 997 fere
1591 970 1617 997 a
1651 955 1838 997 Phaedri
1874 955 2022 997 verbis
2054 955 2279 998 discedere
2313 954 2603 1005 videbamus;
2639 954 2814 997 fabulae

612 1030 663 1071 αδ
694 1034 845 1073 autem
878 1046 929 1074 eo
961 1029 1138 1088 longius
1171 1030 1338 1074 distant
1370 1047 1396 1075 a
1429 1032 1632 1075 Phaedro
1664 1047 1753 1089 quo
1785 1033 2004 1076 accedunt
2037 1034 2220 1090 propius
2252 1037 2397 1077 cetera
2427 1032 2578 1090 stirpis
2599 1047 2627 1074 π
2648 1046 2814 1090 genera

610 1107 787 1151 fabulas
822 1108 1286 1165 Welferbytanas
1327 1111 1432 1153 olim
1468 1111 2034 1165 Wissemburgenses
2076 1112 2157 1166 (w)
2189 1117 2233 1153 et
2264 1110 2444 1153 Romuli
2479 1111 2677 1166 vulgaris
2709 1111 2813 1165 (ro),

611 1190 655 1229 et
686 1185 890 1241 proxime
923 1186 1105 1241 quidem
1140 1186 1275 1230 huius
1308 1187 1493 1230 fabulas.
1528 1203 1664 1243 quam
1699 1187 2040 1230 similitudinem
2075 1189 2294 1243 pertinere
2326 1188 2382 1230 ad
2415 1187 2647 1230 universas
2679 1187 2830 1229 huius

610 1262 761 1318 stirpis
810 1278 836 1304 π
883 1262 1072 1312 fabulas,
1123 1264 1248 1306 facile
1282 1270 1349 1307 est
1379 1264 1735 1307 animadvertere
1768 1265 2040 1320 singillatim,
2075 1266 2182 1320 quia
2214 1279 2370 1308 omnes
2401 1265 2577 1320 generis
2610 1264 2661 1305 αδ
2694 1278 2813 1320 para·

611 1339 796 1395 phrases
843 1339 1150 1382 Phaedrianae
1198 1341 1242 1383 in
1292 1354 1364 1387 ro,
1410 1342 1630 1396 plurimae
1671 1343 1716 1383 in
1750 1355 1801 1386 w
1833 1342 1966 1384 etiam
2000 1341 2166 1384 insunt.
2200 1356 2392 1397 quorum
2428 1341 2561 1383 trium
2596 1354 2813 1395 generum

611 1416 905 1472 paraphrases
939 1422 1112 1471 praeter
1144 1416 1240 1459 illas
1273 1431 1384 1473 quas
1416 1417 1689 1460 contulimus
1723 1433 1764 1474 p.
1804 1420 1849 1459 11
1887 1417 1995 1460 satis
2027 1418 2110 1461 erit
2143 1418 2334 1474 exempli
2369 1431 2505 1460 causa
2527 1417 2607 1460 has
2630 1430 2813 1472 quoque

610 1493 825 1535 conferre.
861 1493 944 1536 hae
976 1493 1113 1549 igitur
1144 1499 1249 1537 sunt
1283 1494 1576 1550 paraphrases
1609 1494 1799 1537 Phaedri
1837 1495 1897 1536 [ΙΙ
1936 1496 1986 1536 12
2019 1495 2161 1549 (euius
2195 1509 2282 1537 non
2316 1495 2409 1537 iam
2438 1498 2560 1537 extat
2579 1507 2722 1549 genus
2747 1491 2810 1547 Π).

611 1586 654 1619 αδ
683 1588 699 1621 1
726 1590 784 1630 (z
812 1589 869 1622 Ad
900 1589 913 1622 l
944 1600 990 1622 ex
1019 1586 1085 1625 αδ).
1137 1589 1269 1623 Gallus
1295 1601 1418 1623 escam
1448 1590 1486 1623 in
1512 1590 1750 1632 sterquilinio
1775 1601 1962 1632 quaerens
1989 1591 2135 1624 invenit
2161 1590 2416 1632 margaritam.
2467 1589 2545 1623 Ait:
2574 1588 2728 1632 Optima
2755 1598 2813 1621 res

825 1647 864 1680 in
890 1647 1128 1690 sterquilinio
1155 1648 1264 1681 iaces.
1317 1648 1353 1681 si
1389 1652 1425 1681 te
1452 1648 1612 1692 cupidus
1640 1648 1847 1683 invenisset
1873 1660 1956 1682 cum
1981 1649 2075 1692 (tum
2101 1648 2178 1689 cod)
2204 1648 2340 1691 gaudio
2367 1648 2554 1692 rapuisset
2581 1651 2619 1682 et
2645 1647 2683 1681 in
2709 1646 2814 1680 deco·

826 1717 902 1741 rem
930 1709 1038 1741 tuum
1066 1707 1218 1741 redires.
1273 1709 1348 1749 Ego
1374 1718 1513 1750 quaero
1539 1718 1665 1741 escam
1692 1719 1760 1741 ne(⁸
1787 1712 1827 1742 tu
1856 1708 1948 1742 mihi
1976 1719 2044 1742 nec
2070 1719 2139 1751 ego
2166 1708 2247 1742 tibi.

968 1766 1041 1808 Qui
1068 1767 1114 1800 ad
1142 1767 1324 1801 honorem
1352 1767 1564 1811 pertingere
1591 1768 1800 1802 valuissent
1825 1767 1856 1801 si
1885 1767 2079 1810 ingenium
2107 1768 2342 1802 habuissent.

610 1835 662 1860 ro
688 1827 706 1860 1
739 1827 758 1860 1
792 1837 837 1859 ew
861 1824 900 1859 F
920 1824 956 1860 B
981 1825 1107 1861 collato
1137 1825 1203 1860 Ox.
1255 1827 1481 1870 Aesopus
1509 1826 1713 1870 primam
1740 1827 1795 1860 de
1822 1838 1871 1861 se
1897 1827 2028 1861 dixit
2056 1827 2290 1861 fabulam.
2341 1827 2384 1861 ln
2403 1825 2640 1870 sterquilinio
2659 1824 2812 1868 quidam

825 1885 1047 1927 gallinacius
1085 1886 1175 1919 dum
1205 1886 1348 1929 quaerit
1372 1874 1558 1929 (quereret
1585 1885 1635 1929 F)
1665 1897 1789 1921 escam
1819 1886 1961 1922 invenit
1990 1886 2230 1929 margaritam
2259 1887 2298 1921 in
2326 1886 2481 1928 indigno
2508 1886 2590 1920 loco
2616 1885 2814 1919 iai-entem.

826 1948 947 1985 Quam
976 1949 1017 1978 ut
1044 1945 1137 1978 vidit
1162 1945 1217 1978 sic
1243 1945 1310 1978 ait:
1339 1946 1445 1978 Bona
1470 1957 1529 1978 res
1557 1946 1595 1979 in
1621 1950 1784 1979 stercore
1812 1946 1922 1979 iaces.
1972 1947 2023 1978 Te
2048 1946 2080 1978 si
2108 1946 2268 1989 cupidus
2293 1946 2421 1988 (homo
2447 1943 2519 1978 aad
2536 1943 2588 1985 F)
2605 1942 2814 1977 invenisset

824 2015 910 2038 eum
948 2005 1036 2047 (quo
1074 2002 1123 2045 B)
1159 2004 1296 2047 gaudio
1334 2004 1520 2048 rapuisset
1562 2009 1601 2039 ut
1637 2004 1776 2038 redires
1809 2004 1855 2038 ad
1884 2004 2086 2047 pristinum
2113 2005 2354 2047 splendorem
2380 2004 2526 2037 decoris
2553 2003 2620 2036 tui.
2674 2003 2750 2043 Ego
2774 2005 2813 2034 te

827 2062 954 2097 inveni
982 2062 1020 2097 in
1047 2063 1117 2097 hor
1143 2061 1192 2106 (B
1221 2062 1295 2097 Ox:
1323 2063 1478 2106 indigno
1506 2061 1555 2105 F)
1582 2063 1662 2097 loeo
1689 2063 1894 2100 iacentem:
1922 2062 2048 2107 potius
2075 2062 2168 2098 mihi
2197 2074 2322 2098 eseam
2350 2074 2500 2106 quaero.
2553 2061 2628 2096 Nee
2655 2059 2723 2095 tibi
2743 2070 2812 2102 ego

827 2126 979 2164 prosum
1006 2123 1062 2163 (N.
1090 2133 1120 2154 e.
1148 2133 1182 2164 p.
1211 2126 1235 2154 t.
1263 2122 1313 2161 Fi>
1339 2133 1407 2155 neo
1433 2126 1473 2155 tu
1502 2122 1606 2155 mihi.
1660 2123 1763 2155 Haec
1790 2122 1863 2155 illis
1890 2132 2055 2164 aesopus
2080 2126 2206 2156 narrat
2231 2122 2294 2165 qui
2323 2132 2398 2155 non
2426 2120 2654 2163 intelligunt.

612 2190 654 2214 w
680 2181 722 2214 V
750 2178 792 2214 7.
844 2180 908 2214 De
934 2191 1159 2223 cappone
1185 2185 1229 2214 et
1257 2192 1451 2222 gemma.

826 2238 955 2273 Pullus
981 2238 1199 2283 gallinatius
1230 2250 1314 2274 vum
1341 2243 1511 2283 quereret
1539 2250 1645 2274 escas
1672 2239 1809 2283 reperit
1837 2239 2076 2282 margaritam
2103 2239 2292 2275 ineentem
2324 2239 2361 2274 in
2390 2239 2545 2282 indigno
2572 2238 2653 2272 loco
2672 2241 2709 2272 et
2726 2248 2813 2271 vum

824 2298 968 2333 doleret
993 2299 1048 2333 sic
1073 2299 1126 2333 ait
1151 2299 1308 2341 {fertur}
1337 2300 1460 2340 Quare
1488 2299 1526 2333 in
1552 2299 1790 2342 sterquilinio
1817 2299 1915 2333 iaces
1926 2302 1942 2332 ζ’
1992 2300 2043 2333 Te
2069 2299 2100 2333 si
2127 2298 2299 2342 ’l'i-upidis
2324 2298 2498 2342 (cupidus
2519 2296 2575 2339 ω’)
2600 2296 2812 2332 invenisset

825 2358 965 2392 redires
1004 2358 1050 2392 ad
1089 2358 1329 2402 splendorem
1370 2369 1475 2392 tuum
1514 2358 1714 2402 pristinum
1755 2363 1790 2393 et
1817 2359 1971 2393 devores
1999 2359 2126 2393 vultus
2154 2358 2225 2396 tui:
2253 2369 2321 2399 ego
2348 2358 2410 2400 qui
2438 2361 2474 2392 te
2502 2357 2629 2391 inveni
2665 2356 2703 2390 in
2740 2356 2809 2389 hoe

825 2418 905 2452 loeo
932 2417 1058 2461 potius
1085 2428 1210 2452 eseam
1237 2428 1352 2461 quero
1379 2428 1491 2460 quam
1519 2422 1565 2451 te.
1618 2418 1694 2452 Noe
1720 2429 1788 2461 ego
1814 2429 1899 2452 sum
1927 2418 1993 2452 tibi
2023 2418 2138 2462 prode
2165 2429 2233 2452 nee
2260 2422 2298 2452 tu
2328 2416 2419 2451 mihi
2449 2415 2672 2451 necessaria.

969 2478 1072 2511 Haec
1098 2477 1166 2511 tibi
1194 2488 1332 2520 canopus
1360 2482 1484 2511 narrat
1511 2477 1574 2520 qui
1603 2488 1662 2511 me
1690 2489 1765 2512 non
1793 2477 1985 2520 intelligis.
2670 2470 2673 2473 ⁵

611 2544 675 2585 (Ἰ.
711 2543 932 2586 Phaedri
963 2543 1031 2586 111
1068 2536 1131 2586 12
1166 2541 1379 2599 [Pullus
1411 2541 1474 2584 ad
1511 2542 1910 2599 margaritaml.

824 2621 868 2654 In
897 2620 1142 2664 ¹'sterquilino
1166 2620 1397 2663 (Salmasiuffl
1428 2621 1487 2662 io)
1514 2621 1638 2664 pullus
1665 2621 1886 2663 gauium-ius
1916 2622 2012 2655 Dum
2040 2621 2185 2664 quaerit
2212 2632 2336 2655 escam
2365 2620 2605 2664 margaritam
2634 2618 2812 2663 repperit.

830 2682 953 2722 „Iaces
982 2681 1136 2723 indigno
1154 2684 1296 2723 quanta
1322 2683 1399 2714 res*
1431 2681 1550 2724 inquit
1583 2681 1718 2721 „loeo-⁴.
1768 2682 1819 2714 Te
1845 2693 1894 2722 13:
1925 2682 1994 2714 hoe.
2019 2683 2052 2716 P
2077 2682 2165 2723 (RZ')
2183 2682 2280 2721 NV)
2299 2681 2329 2714 si
2350 2681 2434 2723 quis
2455 2680 2561 2724 pretii
2583 2679 2744 2723 vupidus
2768 2678 2815 2712 vi·

823 2741 943 2775 disset
981 2740 1035 2775 tui
1074 2740 1171 2774 olim
1201 2740 1362 2774 rodisses
1389 2740 1435 2774 ad
1461 2740 1702 2784 splendorem
1729 2740 1931 2783 pristinum
1957 2743 1991 2783 (a
2017 2742 2057 2776 N
2083 2742 2143 2775 V:
2185 2741 2393 2774 maximum
2419 2741 2452 2775 P
2476 2739 2590 2783 <R·.>)).
2642 2739 2720 2781 Ego
2747 2738 2810 2781 qui

823 2800 937 2843 (quod
974 2801 1015 2834 N
1041 2801 1096 2840 V)
1132 2804 1168 2833 te
1208 2800 1346 2838 inveni,
1388 2800 1509 2843 potior
1544 2799 1602 2833 cui
1630 2803 1687 2833 est
1713 2799 1831 2840 cibus,
1859 2810 1928 2833 nec
1954 2799 2021 2834 tihi
2051 2800 2228 2843 prodesse
2255 2811 2323 2834 nee
2351 2799 2443 2833 mihi
2472 2799 2677 2842 quicquam
2707 2800 2814 2840 potes

826 2863 963 2902 'potest
986 2860 1028 2894 N
1054 2859 1119 2900 V).

967 2919 1051 2952 Hoc
1078 2918 1151 2951 illis
1179 2929 1288 2951 narro
1314 2918 1377 2961 qui
1407 2929 1465 2951 me
1493 2930 1568 2951 non
1597 2918 1832 2960 intellegunt.

756 2991 841 3032 Hie
874 2991 1010 3046 igitur
1043 2990 1093 3030 αδ
1126 2996 1302 3031 tantum
1335 3004 1362 3030 a
1397 2989 1583 3031 Phaedri
1619 2989 1765 3030 verbis
1788 2989 1912 3030 abest
1935 2996 2157 3044 quantum
2183 2990 2250 3032 vel
2275 3001 2333 3032 ro
2357 2990 2424 3031 vel
2449 3001 2512 3032 w.
2547 2988 2656 3044 quin
2681 2988 2815 3030 etiam

612 3069 663 3109 αδ
709 3066 1072 3123 interpolationes
1117 3066 1249 3108 habet
1280 3080 1396 3108 suas,
1432 3067 1558 3107 mitto
1591 3066 1836 3107 orationem
1871 3071 2148 3108 contractam
2181 3066 2237 3109 ad
2271 3081 2370 3108 eam
2404 3066 2666 3108 brevitatem
2700 3077 2815 3119 quae

611 3146 745 3188 etiam
783 3143 969 3187 Phaedri
1004 3143 1405 3199 breviloquentiam
1440 3148 1630 3198 superet,
1665 3143 1784 3197 quod
1820 3143 2053 3199 universae
2082 3145 2173 3186 fere
2197 3143 2467 3188 collectionis
2490 3141 2816 3184 Ademarianae

612 3222 843 3278 proprium
891 3226 968 3262 est.
1020 3221 1146 3262 mitto
1178 3221 1311 3262 etiam
1346 3219 1645 3274 epimythium
1678 3234 1846 3261 novum
1881 3219 2016 3274 idque
2048 3220 2212 3262 falsum
2247 3221 2293 3261 in
2329 3220 2390 3266 αδ,
2426 3218 2546 3275 quod
2580 3217 2712 3260 credo
2744 3216 2813 3258 ad-

611 3299 756 3342 ditum
790 3304 856 3341 est
899 3299 955 3341 ab
987 3313 1038 3341 eo
1071 3297 1146 3352 qui
1182 3297 1444 3339 thesaurum
1477 3296 1831 3338 Ademarianum
1865 3297 1976 3351 (Ad)
2008 3298 2278 3352 compilavit,
2314 3311 2403 3339 non
2439 3297 2628 3352 petitum
2659 3294 2716 3336 ab
2751 3294 2812 3335 αδ.

611 3389 670 3420 ro
718 3392 822 3419 vero
860 3382 903 3419 et
933 3389 985 3419 w
1016 3390 1070 3418 ex
1107 3390 1131 3415 π
1164 3370 1404 3429 integriora
1436 3380 1616 3430 servant
1649 3379 1822 3429 praeter
1854 3375 2154 3429 eininythium
2187 3376 2321 3417 etiam
2355 3375 2534 3416 initium
2570 3377 2612 3414 et
2643 3372 2817 3414 exitum

612 3455 753 3510 ipsius
788 3453 975 3496 fabulae.
1040 3460 1093 3494 ita
1118 3460 1362 3493 ‹·ontirmat11r
1389 3459 1607 3502 paraphrasi
1635 3458 1697 3501 qui
1722 3464 1757 3492 et
1782 3461 1882 3501 potes
1907 3461 1940 3493 P
1966 3460 2062 3499 (ΒΥ),
2094 3460 2262 3493 elevatur
2287 3459 2381 3503 quod
2406 3463 2444 3492 et
2466 3459 2584 3501 potest
2608 3459 2648 3491 N
2675 3458 2727 3491 V.
2780 3460 2819 3489 at

611 3538 741 3563 rursus
767 3527 1011 3562 confirmatur
1037 3538 1071 3561 v.
1098 3526 1120 3559 ἵ)
1141 3524 1343 3571 pristinum
1368 3536 1420 3561 ro
1438 3536 1482 3561 w
1507 3525 1564 3568 (Σ
1593 3525 1626 3567 π)
1650 3525 1691 3560 N
1717 3526 1768 3565 V,
1806 3537 1872 3568 pro
1898 3537 1972 3568 quo
2004 3524 2205 3560 m‘txc'mum
2234 3527 2268 3560 P
2296 3526 2395 3567 (ΒΨ).
2423 3525 2586 3566 deniqu«¹
2616 3523 2716 3565 quod
2747 3527 2805 3556 est

611 3599 644 3622 v.
683 3587 715 3621 4.
773 3585 818 3620 Te
842 3586 874 3621 εἰ
910 3584 955 3629 (si
993 3587 1025 3620 te
1063 3584 1120 3629 αδ)
1158 3582 1201 3617 αδ
1238 3594 1290 3620 ro
1315 3594 1359 3620 w
1383 3588 1440 3627 (Ξ
1471 3584 1521 3627 π’);
1563 3583 1639 3619 Hoc
1675 3583 1707 3618 si
1732 3585 1765 3619 P
1790 3585 1877 3629 (ΒΨ)
1902 3584 1942 3619 Ν
1968 3585 2020 3627 V,
2053 3584 2200 3620 videtur
2226 3595 2309 3620 esse
2336 3583 2461 3619 verius
2494 3581 2539 3617 Te
2563 3580 2597 3618 si
2621 3580 2809 3628 suspicor-
