3198 4058
594 276 652 317 26
725 279 732 283 ’
1568 289 1610 325 C.
1638 290 1689 323 M.
1715 289 1872 324 Zander.

593 408 649 436 ex
682 407 719 435 π.
755 392 1023 448 relinquitur
1053 393 1189 448 igitur
1220 398 1269 435 ut
1300 399 1512 449 putemus
1545 393 1680 436 verba
1711 392 1786 435 illa
1817 393 1983 435 omissa
2014 407 2109 435 esse
2140 393 2197 435 ab
2229 393 2434 435 Romulo.
2483 393 2606 449 quod
2639 407 2719 449 per
2750 408 2797 437 se

593 474 943 513 consentaneum
977 475 1043 512 est
1073 469 1381 513 diasceuasten
1414 469 1553 517 illum,
1588 471 1624 512 si
1658 469 1792 512 modo
1813 484 1924 512 sana
1946 474 2095 512 mente
2116 484 2168 512 ac
2190 469 2354 512 iudicio
2376 484 2485 512 usus
2507 475 2587 520 est,
2609 469 2795 522 alteram

574 545 824 587 *sustulisse
871 546 1152 590 sententiam.
1202 560 1305 588 cum
1354 547 1470 588 inter
1515 561 1560 588 se
1613 546 1761 588 minus
1793 550 1924 601 aptae
1956 550 2121 588 essent:
2169 545 2308 588 altera
2338 545 2459 588 enim
2491 545 2794 602 dicitur‘quid

593 621 854 677 adipiscaris
886 621 1111 677 loquendo
1144 622 1251 677 quid
1288 622 1487 669 tacendo,
1522 622 1661 665 altera
1692 621 1801 677 quid
1836 636 1993 664 verum
2026 621 2227 664 dicendo.

736 699 796 742 At
826 699 947 742 enim
980 700 1153 742 etiamsi
1188 700 1296 742 haec
1319 715 1423 742 vera
1445 706 1560 745 sunt,
1593 699 1765 742 etiamsi
1787 700 1864 742 Ro
1889 699 2091 741 fabulam
2113 698 2176 741 de
2209 714 2337 754 rege
2369 699 2532 754 leonje
2554 699 2611 741 ab
2633 699 2788 741 eodem

593 775 667 818 illo
715 775 1004 832 paraphraste
1051 790 1088 825 π,
1126 775 1245 818 unde
1277 789 1329 819 w
1361 777 1566 832 sumpsit,
1601 783 1750 819 tamen
1785 776 1848 819 de
1881 790 2010 830 rege
2042 776 2207 818 simio
2240 775 2394 818 fabula
2426 776 2570 831 potuit
2600 775 2688 818 alia
2719 776 2792 819 via

592 852 647 894 ab
694 867 746 894 eo
793 851 943 894 codice
992 853 1181 895 Phaedri
1232 854 1277 894 in
1326 867 1415 907 qno
1464 853 1643 895 fabulae
1692 853 1790 894 illac
1826 867 1915 894 non
1947 858 2095 894 essent
2125 853 2340 894 confusae
2372 857 2415 895 et
2449 851 2624 907 utrique
2656 866 2786 894 suum

594 928 899 983 promythium
935 929 1245 984 praemissum,
1280 929 1325 970 in
1358 941 1417 972 ro
1450 928 1695 985 pervenire.
1730 927 1850 984 quod
1884 928 1918 970 si
1953 928 2016 970 ita
2047 928 2103 971 sit
2136 929 2229 970 iure
2260 929 2421 970 mirum
2447 927 2650 971 videatur
2671 929 2791 984 quod

591 1005 634 1046 in
685 1005 768 1047 hac
816 1004 870 1048 de
904 1021 1032 1061 rege
1065 1006 1231 1048 simio
1277 1005 1425 1047 fabula
1464 1006 1572 1047 nihil
1608 1006 1848 1062 promythii
1887 1005 2074 1047 Phaedri
2108 1010 2229 1048 extat
2260 1006 2306 1047 in
2338 1006 2414 1049 Ro
2448 1006 2473 1047 i.
2508 1022 2543 1048 c.
2578 1017 2637 1049 ro
2669 1005 2732 1048 IV
2766 1007 2792 1048 8

591 1082 642 1122 αδ
688 1084 740 1123 51
783 1088 826 1124 ct
860 1082 1164 1139 promythium
1202 1089 1266 1125 est
1300 1084 1429 1138 longe
1463 1083 1689 1126 diversum
1725 1083 1862 1126 Malis
1894 1083 2132 1126 hominibus
2163 1084 2236 1137 qui
2257 1083 2484 1138 fallatiam·
2515 1088 2553 1125 et
2583 1084 2792 1127 malitiam

589 1164 748 1210 amant,
781 1162 1031 1204 honestatem
1062 1166 1099 1203 et
1131 1161 1344 1204 veritatem
1377 1162 1565 1204 lacerant
1598 1161 1660 1211 αδ,
1682 1162 1787 1218 fieri
1821 1160 1888 1217 [etl
1923 1176 1951 1203 ιι
1982 1161 2107 1203 malis
2138 1161 2374 1204 hominib-us
2405 1163 2505 1203 solet
2535 1165 2580 1203 ut
2602 1161 2793 1217 fallacia

589 1242 627 1279 et
658 1239 826 1280 malitia
856 1243 1019 1281 ametm·
1050 1243 1087 1280 et
1118 1239 1310 1281 honestas
1344 1240 1402 1280 rel
1437 1240 1589 1281 veritas
1621 1241 1824 1281 laceretur
1857 1250 1926 1281 ro.
1961 1238 2131 1280 accedit
2163 1239 2282 1293 quod
2316 1253 2628 1292 quaecumque
2661 1243 2791 1281 estet

590 1315 633 1356 in
667 1314 744 1357 Ro
777 1319 820 1356 ct
853 1314 894 1356 in
930 1326 980 1357 w
1013 1314 1230 1371 cuiusque
1265 1314 1443 1357 fabulae
1481 1315 1783 1357 l'haedrianac
1819 1314 2102 1370 paraphrasis
2136 1320 2224 1357 tam
2259 1314 2341 1358 sibi
2377 1314 2532 1357 similis
2564 1314 2785 1358 ambobus

589 1396 655 1431 est
688 1391 793 1432 locis
827 1397 874 1432 ut
908 1391 1107 1433 indidem
1141 1391 1207 1433 vel
1242 1407 1267 1433 a
1302 1392 1592 1446 paraphrasta
1624 1391 1843 1433 ambobus
1866 1390 2095 1433 communi
2119 1405 2251 1447 quem
2277 1405 2304 1431 π
2326 1391 2470 1433 littera
2493 1396 2645 1432 notare
2668 1391 2786 1434 soleo

591 1469 809 1522 prolectas
841 1473 884 1510 et
916 1468 1113 1511 eiusdem
1151 1468 1434 1524 paraphrasis
1471 1470 1636 1510 forinas
1668 1469 1870 1523 geminas
1903 1484 1997 1510 esse
2030 1475 2254 1524 appareat.
2290 1483 2394 1523 ergo
2429 1468 2537 1510 nihil
2570 1475 2635 1511 cst
2661 1469 2781 1524 quod

588 1558 689 1586 cum
726 1544 902 1587 Havete
935 1544 1001 1587 ed.
1039 1560 1077 1601 p.
1132 1547 1209 1586 104
1242 1545 1543 1587 caniet-tennis
1578 1546 1735 1587 harum
1760 1545 1813 1587 ‹le
1848 1545 2025 1600 regibus
2058 1546 2187 1587 simio
2211 1551 2254 1587 et
2277 1546 2400 1587 leone
2424 1545 2676 1587 fabularum
2703 1560 2786 1587 me-

590 1621 776 1663 moriam
810 1621 898 1663 alia
930 1622 1002 1664 via
1036 1622 1080 1664 in
1113 1634 1176 1670 w,
1211 1622 1297 1664 alia
1330 1623 1373 1664 in
1408 1633 1479 1668 ro,
1514 1622 1600 1664 alia
1635 1623 1677 1664 in
1714 1622 1764 1662 αδ
1798 1622 2064 1677 pervenisse.

736 1698 850 1753 Ergo
883 1699 1098 1754 quoniam
1133 1714 1276 1755 neque
1312 1700 1354 1741 in
1391 1699 1543 1741 sabula
1577 1699 1658 1741 hac
1691 1699 1745 1741 ‹lc
1779 1699 1943 1740 simio
1978 1714 2105 1754 rege
2139 1711 2197 1742 ro
2234 1698 2292 1741 IV
2329 1702 2354 1738 ὃ
2388 1699 2438 1739 αδ
2460 1701 2509 1740 51
2540 1699 2789 1756 quidquam

588 1775 644 1817 sit
677 1775 797 1830 quod
831 1776 1064 1818 confirmet
1095 1790 1247 1818 eornm
1283 1776 1549 1819 sententiam
1584 1775 1659 1831 qni
1696 1776 1809 1818 hant¹
1844 1775 2041 1818 fabulam
2075 1790 2102 1818 a
2136 1775 2336 1819 Phaedro
2360 1776 2404 1818 in
2427 1776 2503 1827 Ro
2528 1776 2786 1820 translatam

588 1867 684 1895 esse
717 1853 976 1896 existimant
1007 1859 1050 1896 et
1082 1853 1298 1910 quasdam
1333 1853 1389 1896 ab
1422 1867 1578 1896 causas
1612 1854 1686 1896 illa
1720 1854 1867 1896 minus
1902 1858 2045 1910 potest
2085 1853 2274 1910 probari,
2309 1853 2372 1896 sic
2404 1853 2552 1897 iudico
2587 1852 2701 1897 hanc
2731 1855 2787 1897 fa-

590 1929 739 1972 bulam
775 1945 862 1972 non
898 1945 923 1973 a
957 1931 1159 1974 Phaedro
1192 1931 1267 1973 sed
1301 1931 1482 1973 aliunde
1516 1936 1743 1986 sumptam
1777 1945 1884 1973 csse.

731 2007 885 2050 Plures
934 2013 1038 2051 sunt
1086 2008 1263 2050 fabulae
1311 2022 1424 2064 quas
1470 2008 1546 2051 Ro
1582 2023 1669 2049 non
1703 2022 1755 2050 ex
1790 2007 1993 2050 Phaedro
2027 2006 2201 2055 habeat,
2235 2005 2289 2049 de
2322 2006 2486 2062 quibus
2518 2022 2647 2063 agam
2682 2022 2786 2051 cnm

588 2084 826 2141 disputabo
858 2085 913 2127 de
945 2086 998 2127 iis
1031 2085 1192 2127 fabulis
1225 2099 1340 2142 quae
1375 2100 1462 2127 non
1495 2091 1660 2128 extant.
1697 2086 1741 2127 in
1774 2084 1963 2128 Phaedri
1997 2083 2237 2140 codicibus.
