3198 4058
980 0 1004 13 ι’
1143 0 1245 35 saus}
1795 0 1814 5 ”
1911 31 1915 34 -
2155 0 2183 23 ³*

1092 34 1111 66 θ’
1132 59 1136 63 .
1175 34 1227 86 ,μ’
1905 45 1953 68 's

852 231 880 254 ’ἱ
936 226 998 294 De·
1015 252 1219 317 generibus
1242 261 1283 294 ot
1304 257 1414 295 libris
1434 259 1726 310 paraphnsium
1751 258 2091 310 Phaedrianarum.
2556 247 2613 290 41

1334 685 1694 755 [Epilogusi
1738 732 1744 737 -

552 822 642 879 Qui
689 844 761 872 me
807 844 982 885 semper
1023 829 1197 886 diligas,
1230 830 1401 887 optime
1431 821 1799 878 omnium'Rufe,
1835 829 2025 874 oblectes
2058 830 2194 873 otium
2229 831 2329 873 volo
2360 830 2603 874 iucundam

360 901 384 942 ss
410 910 545 948 tuam
581 906 722 948 vitam
752 912 957 962 spectans
991 907 1088 963 <et>
1122 907 1283 950 seniles
1315 921 1458 950 annos
1489 913 1701 950 maturos.
1734 907 1889 950 amicis
1921 921 2098 962 semper
2129 907 2273 950 bonus
2305 909 2444 957 vivas,
2477 908 2606 950 uxori

408 982 643 1027 uxoriosus
689 996 829 1033 vaces
879 983 991 1028 filios
1037 984 1084 1028 in
1129 998 1281 1029 amore
1312 984 1501 1067 seruias,
1534 984 1714 1029 famulis
1746 984 2030 1041 disciplinam
2065 984 2255 1040 ingeras
2288 990 2466 1029 tuorum
2500 989 2606 1029 vota

409 1044 521 1103 bene
553 1061 750 1113 †cernas
1016 1098 1023 1107 .

549 1135 608 1179 Et
637 1136 835 1180 intentus
882 1138 1001 1196 legas
1032 1105 1208 1182 fabulas
1239 1144 1284 1182 et
1316 1153 1372 1181 ne
1403 1138 1514 1182 forte
1546 1137 1682 1182 lector
1712 1139 1919 1182 aestimes
1950 1138 2130 1196 lapsum
2164 1153 2234 1182 me
2268 1139 2311 1181 in
2346 1137 2601 1196 impruden·

406 1213 529 1265 tiam,
562 1214 764 1258 invenies
795 1215 842 1258 in
874 1216 1035 1259 semitis
1064 1229 1156 1260 esse
1188 1206 1398 1260 narrandi
1431 1216 1538 1259 vias.
1573 1229 1679 1259 nam
1713 1221 1880 1260 veteres
1913 1229 2082 1272 paucae
2113 1215 2219 1259 olim
2254 1218 2377 1259 fuere
2399 1215 2600 1260 fabulae:

405 1289 482 1334 sed
515 1294 566 1334 ut
595 1291 741 1334 maius
773 1291 896 1336 fieret
926 1304 1087 1348 corpus
1122 1292 1262 1336 adieci
1295 1297 1340 1336 et
1371 1307 1493 1336 meas
1514 1307 1654 1336 novas
1675 1298 1826 1348 aperte
1847 1297 1891 1336 et
1911 1292 2103 1336 breviter
2122 1293 2322 1349 scriptas.
2392 1291 2591 1348 Opposui

406 1380 512 1410 vera
542 1366 683 1417 malis,
717 1367 947 1425 composui
980 1367 1154 1426 integra
1187 1368 1326 1420 bonis,
1359 1367 1533 1412 ostendi
1567 1368 1660 1412 vias
1694 1367 1926 1418 malorum,
1961 1368 2224 1412 confirmavi
2259 1368 2506 1412 bonorum:
2540 1382 2601 1412 se·

404 1449 569 1500 quatur
598 1444 790 1501 quisque
821 1444 941 1501 quod
973 1443 1091 1496 libet,
1137 1459 1216 1503 per
1245 1446 1355 1489 haec
1386 1446 1540 1491 omnia
1570 1445 1699 1488 docto
1730 1451 1866 1502 atque
1898 1445 2174 1502 intellegenti
2208 1459 2375 1502 parvus
2407 1459 2498 1488 non
2529 1451 2597 1489 est

404 1520 529 1563 labor
573 1534 712 1564 meus.
765 1535 919 1564 verum
968 1527 1016 1565 ut
1062 1523 1179 1565 norit
1224 1523 1430 1579 quisquis
1470 1522 1738 1566 fabularum·
1758 1535 1877 1578 quur
1907 1522 1963 1565 sit
1994 1523 2229 1565 inventum
2261 1535 2416 1578 genus,
2451 1523 2613 1578 ipsam?

362 1583 364 1586 ,
403 1596 542 1639 vitam
575 1597 811 1641 hominum
843 1603 887 1642 et
918 1612 1062 1643 mores
1094 1599 1333 1643 ostendens
1364 1599 1556 1642 instruxi
1588 1598 1733 1655 legere
1768 1599 1980 1642 volentes.

2447 30 2535 54 ³1:⁴2
2552 39 2565 59 .-
2634 43 2708 60 e
2744 33 2759 50 2·
2783 41 2790 50 f
2899 40 2909 48 ,
3025 34 3037 45 .
3061 52 3073 62 Α

607 1717 612 1721 “
850 1721 896 1748 w
918 1712 965 1756 (5.
990 1712 1026 1756 8)

470 1769 537 1805 DE
562 1769 722 1806 LIBRIS
748 1771 854 1806 SVIS
879 1770 1098 1807 AESOPVS
1123 1771 1190 1807 AD
1216 1771 1394 1808 RUFUM

402 1829 474 1871 Qui
512 1839 574 1864 me
610 1840 761 1874 semper
801 1830 928 1874 diligis
970 1831 1114 1875 optime
1150 1831 1322 1867 omnium
1358 1831 1457 1866 Rufe

401 1888 567 1924 oblestes
604 1888 738 1925 uitium
778 1889 866 1926 uolo
902 1889 1095 1934 uitamque
1126 1890 1328 1934 ioqundam
1352 1889 1457 1926 tuam

401 1950 578 1992 spectans
603 1959 644 1982 se
670 1948 765 1983 nihil
790 1959 875 1984 esse
899 1960 1020 1984 annos
1037 1948 1169 1985 amicis
1184 1960 1335 1994 semper
1351 1949 1461 1984 uiuas

401 2007 509 2041 uxori
547 2007 765 2043 luxuriosus
802 2019 914 2043 uaces
951 2007 1049 2043 filios
1087 2008 1127 2042 in
1164 2016 1292 2044 amore
1316 2008 1460 2043 sei-uias

400 2065 553 2101 famulis
590 2065 831 2111 disciplinam
869 2066 1013 2102 inseras
1050 2070 1135 2103 tuas
1161 2070 1336 2103 uotorum
1363 2067 1460 2103 bene

399 2134 531 2159 cernas
568 2128 607 2160 et
643 2125 682 2159 in
720 2130 758 2160 te
794 2126 898 2161 intus
935 2136 1042 2170 regas
1068 2125 1216 2161 fabulas
1241 2129 1281 2161 et
1303 2126 1335 2160 si
1362 2127 1459 2161 forte

399 2183 516 2219 lector
551 2184 730 2220 aestimas
776 2185 925 2229 lapsum
968 2196 1028 2220 me
1070 2185 1364 2230 imprudentiam
1406 2185 1458 2220 in-

398 2243 563 2278 seruisse
599 2244 776 2278 narrandi
813 2244 896 2279 uias
933 2255 1020 2278 nam
1058 2247 1097 2279 et
1133 2248 1280 2280 ueteres
1316 2255 1458 2290 paucae

397 2301 488 2336 olim
525 2302 644 2338 fuisse
681 2302 832 2339 fabulae
866 2308 902 2339 et
941 2303 1063 2339 maius
1092 2304 1199 2339 fieret
1222 2315 1359 2348 corpus
1384 2304 1458 2339 adi-

396 2360 453 2396 eci
472 2356 554 2396 *ex‘
576 2373 637 2397 me
670 2373 793 2398 >nouas
830 2366 959 2408 aperte
995 2367 1033 2398 et.
1058 2363 1223 2398 breuiter
1248 2364 1455 2398 memoraui

396 2420 554 2465 adposui
593 2432 683 2457 uara
707 2422 908 2471 „malignus
945 2432 1138 2467 conposuo
1172 2422 1319 2467 integra
1344 2423 1454 2458 bonis

395 2480 545 2513 ostendi
571 2481 653 2515 uias
679 2481 863 2515 malorum
888 2482 1109 2516 confirmaui
1135 2482 1320 2517 bonorum
1346 2486 1384 2516 et
1402 2494 1455 2516 se-

395 2542 532 2581 quatur
555 2539 641 2582 quis
665 2541 767 2583 quod
792 2540 885 2576 libet
909 2541 1001 2575 haec
1020 2541 1149 2575 omnia
1165 2540 1299 2576 doctus
1316 2544 1452 2584 atquae

395 2597 588 2633 intellectu
614 2610 744 2634 maeae
769 2610 909 2644 paruus
934 2611 1011 2647 non
1042 2604 1101 2634 est
1126 2600 1231 2634 labor
1256 2603 1298 2634 ut
1323 2600 1454 2643 ignora

394 2658 566 2701 quisquis
591 2660 805 2694 fabularum
831 2671 897 2694 cur
921 2660 952 2694 it
968 2660 1166 2694 inuentum
1185 2671 1304 2703 genus
1323 2671 1453 2694 uerum

1911 1712 1975 1748 ι·οι
1997 1712 2055 1754 (eae
2079 1712 2133 1746 IV
2159 1712 2228 1755 23).

1534 1911 1576 1916 —
1603 1890 1807 1926 iucundam
1832 1894 1936 1926 tuam
1963 1890 2081 1925 uitam
2107 1893 2284 1935 spectans
2309 1890 2451 1936 seniles
2473 1900 2596 1926 annos

1533 1953 1701 1984 maturos
1725 1949 1857 1985 amicis
1888 1960 2038 1994 semper
2070 1949 2193 1984 bonus
2219 1949 2328 1984 uiuas
2354 1948 2463 1984 uxori
2489 1949 2595 1985 luxu-

1533 2009 1656 2043 riosus
1681 2019 1793 2043 uaces
1818 2009 1972 2043 famulis
1996 2008 2238 2053 disciplinam
2270 2008 2420 2052 ingeras
2444 2013 2595 2044 tuorum

1532 2070 1623 2103 uota
1645 2067 1743 2103 bene
1767 2079 1898 2103 cernas
1923 2071 1963 2102 et
1986 2067 2157 2102 intentus
2182 2066 2285 2110 legas
2310 2066 2459 2103 fabulas
2484 2070 2523 2103 et
2547 2079 2596 2103 ne

1532 2127 1629 2161 forte
1654 2127 1770 2161 lector
1793 2126 1969 2161 aestimet
1993 2126 2140 2170 lagsum
2165 2135 2226 2160 me
2243 2125 2283 2160 in
2300 2126 2594 2171 imprudentiam

1532 2185 1704 2220 inuenies
1741 2185 1780 2220 in
1818 2185 1939 2220 seruis
1976 2184 2053 2220 tuis
2082 2195 2166 2220 esse
2191 2184 2369 2220 narrandi
2394 2184 2477 2220 uias
2502 2196 2591 2220 nam

1531 2248 1678 2280 ueteres
1704 2254 1845 2289 paucae
1876 2244 1966 2278 olim
2003 2245 2108 2278 fuere
2133 2244 2284 2278 fabulae
2308 2244 2375 2279 sed
2401 2248 2443 2278 ut
2469 2244 2591 2279 maius

1531 2304 1637 2339 fleret
1649 2315 1784 2347 corpus
1799 2303 1916 2338 adieci
1931 2307 1969 2338 et
1983 2314 2087 2338 meas
2101 2313 2220 2338 nouas
2233 2307 2362 2346 aperte
2375 2307 2414 2338 et
2427 2302 2593 2338 breuiter

1529 2364 1689 2408 scriptas
1714 2363 1874 2407 apposui
1901 2373 1991 2397 uera
2018 2362 2126 2397 malis
2152 2363 2348 2407 composui
2366 2362 2514 2407 integra
2530 2363 2590 2398 bo-

1529 2422 1589 2459 nis
1626 2422 1774 2458 ostendi
1813 2421 1894 2457 uias
1932 2421 2117 2457 malorum
2155 2421 2377 2457 conflrmaui
2403 2421 2590 2458 bonorum

1527 2485 1707 2526 sequatur
1730 2481 1889 2525 quisque
1914 2491 1988 2525 que
2013 2481 2107 2514 libet
2131 2491 2198 2525 per
2222 2481 2316 2515 haec
2333 2481 2463 2515 omnia
2478 2481 2591 2515 docto

1526 2544 1640 2583 atque
1664 2540 1886 2582 intelligenti
1924 2550 2065 2583 paruus
2097 2551 2173 2574 non
2198 2544 2257 2574 est
2281 2539 2387 2574 labor
2412 2551 2519 2574 meus
2547 2545 2589 2574 ut

1527 2600 1628 2635 norit
1663 2599 1833 2643 quisquis
1868 2599 2081 2633 fabularum
2107 2609 2205 2642 quur
2229 2599 2279 2633 sit
2304 2598 2505 2633 inuentum
2531 2609 2589 2642 ge-

1528 2671 1600 2694 nus
1623 2670 1760 2694 uerum
1777 2659 1897 2702 ipsam
1917 2659 2035 2692 uitam
2054 2659 2251 2693 hominum
2269 2662 2308 2693 et
2325 2669 2449 2693 mores
2467 2663 2590 2693 osten-

394 2717 478 2760 ipsa
501 2717 597 2769 uitia
621 2719 819 2753 hominum
845 2722 883 2753 et
907 2729 1038 2753 uerum
1061 2720 1259 2753 ostendere
1276 2723 1315 2753 et
1331 2729 1454 2753 mores
1527 2719 1623 2753 dens
1648 2717 1809 2752 instruxi
1835 2717 1958 2759 legere
1983 2717 2166 2750 uolentes.

394 2775 523 2811 uidere
547 2778 669 2812 struxi
695 2778 854 2821 legendo
879 2779 1062 2813 uolentes.

534 2878 580 2912 In
615 2887 662 2914 w
697 2878 888 2922 epilogum
925 2883 1135 2922 sequuntur
1162 2860 1247 2914 xtres
1284 2879 1435 2914 fabulae
1472 2879 1714 2921 adsumptae
1733 2877 1902 2915 aliunde;
1943 2876 1981 2910 in
2019 2885 2071 2912 ro
2103 2876 2184 2911 loco
2210 2876 2289 2910 ueri
2315 2876 2414 2911 initii
2440 2878 2582 2913 sublati

363 2978 367 2983 ἱ
393 2935 515 2978 prima
539 2936 656 2971 uerba
680 2937 926 2980 praefationis
950 2937 1138 2980 antiquae,
1165 2942 1207 2972 ut
1230 2938 1310 2972 dixi
1337 2949 1372 2980 p.
1397 2938 1444 2971 38
1468 2949 1535 2980 sq„
1562 2936 1762 2980 supposita
1787 2939 1888 2969 sunt.

540 2995 580 3029 1.
604 2994 831 3030 oblectes
856 2995 1012 3031 otium
1038 2995 1243 3031 Hervieux.
1269 3006 1356 3031 cnm
1380 2997 1489 3031 1—-3
1510 2996 1548 3030 cf
1564 2994 1722 3030 Phaedr.
1740 2994 1795 3028 111
1815 3004 1867 3038 pr.
1888 2993 2027 3035 11—13
2045 2991 2238 3038 Impendas
2254 3003 2382 3029 curam
2398 3004 2507 3039 quam
2531 2994 2588 3029 rei

391 3051 602 3088 domesticae
625 3051 772 3089 Reddas
793 3053 923 3090 amicis
948 3055 1109 3099 tempora
1134 3053 1241 3089 uxori
1262 3065 1377 3095 vaces,
1404 3053 1579 3089 Animum
1603 3053 1755 3094 relaxes,
1781 3051 1895 3088 otium
1924 3051 1985 3087 des
2009 3051 2163 3097 corpori.
2180 3071 2222 3075 —
2242 3053 2285 3088 3.
2304 3063 2365 3087 ux
2379 3052 2517 3087 crios
2533 3064 2587 3088 us

391 3111 536 3155 scripsi,
562 3113 608 3147 cf.
635 3112 733 3147 OGL
749 3114 786 3147 II
812 3114 882 3148 212
906 3113 1099 3149 anot-iosus
1123 3113 1142 3146 ὸ
1167 3114 1232 3159 τὴν
1249 3111 1338 3146 ἰδίαν
1354 3116 1505 3158 γυναῖκα
1523 3111 1644 3157 φιλῶν.
1666 3132 1707 3136 -
1726 3114 1770 3147 4.
1787 3111 1927 3149 ·l·cern
1939 3122 2008 3145 as:
2028 3113 2189 3146 fortasse
2206 3121 2321 3151 cures,
2338 3112 2371 3145 si
2390 3112 2504 3146 modo
2521 3113 2585 3147 hic

390 3171 495 3216 loeus
520 3170 637 3207 habet
660 3171 958 3208 admonitionem
984 3176 1027 3208 ut
1051 3173 1151 3208 Rufo
1176 3184 1287 3208 curae
1311 3171 1390 3207 sint
1416 3176 1504 3207 vota
1527 3183 1682 3207 suorum
1708 3169 1772 3214 qui
1798 3169 1906 3205 illum
1931 3169 1995 3205 diu
2022 3169 2149 3205 vivere
2171 3169 2319 3205 salvum
2337 3182 2381 3206 ac
2398 3170 2584 3215 sospitem

391 3230 520 3265 velint.
547 3248 589 3254 —
617 3231 661 3265 6.
688 3231 919 3266 intentus
944 3231 1081 3276 legas
1107 3231 1216 3266 fab.:
1253 3231 1412 3266 Phaedr.
1446 3231 1502 3264 ΙΙΙ
1528 3240 1582 3274 pr.
1610 3230 1701 3263 1—-3
1727 3228 1887 3263 Pnaedri
1910 3228 2046 3263 libellos
2070 3228 2184 3274 quere
2207 3228 2240 3262 si
2264 3228 2461 3274 desideras,
2486 3238 2590 3265 vaces

389 3291 538 3333 oportet,
564 3288 739 3335 Eutyche,
763 3303 788 3326 a
812 3290 975 3337 neyotiis,
999 3293 1044 3326 ut
1056 3290 1147 3326 liber
1163 3290 1310 3326 animus
1325 3289 1459 3325 sentiat
1474 3289 1546 3324 vim
1571 3288 1756 3324 carminis.
1776 3307 1819 3312 ——
1839 3290 1883 3324 6.
1910 3288 1957 3322 in
1983 3288 2184 3323 semitis
2209 3299 2321 3323 esse
2344 3289 2446 3332 (Zdr)
2463 3300 2588 3324 narr.

390 3349 510 3384 vias:
551 3350 709 3385 Phaedr.
746 3351 809 3385 ΙΙΙ
842 3362 896 3395 pr.
921 3351 968 3385 38
993 3350 1072 3394 Eyo
1097 3350 1163 3385 illa
1185 3351 1288 3394 (Zdr:
1330 3349 1430 3384 illius
1454 3349 1553 3398 libri)
1572 3359 1687 3392 porro
1710 3347 1840 3383 semita
1858 3347 1939 3392 feci
1964 3348 2072 3383 viam.
2101 3369 2143 3372 —-
2170 3353 2374 3383 veteres
2400 3359 2588 3392 paucae

388 3419 422 3443 0.
460 3409 487 3444 f.
524 3408 728 3444 fabulae
767 3429 810 3435 —
850 3430 893 3435 —
929 3409 1093 3445 adieci
1133 3420 1302 3445 novas:
1340 3407 1499 3444 Phaedr.
1525 3407 1579 3442 1v
1605 3407 1662 3443 27.
1698 3407 1743 3443 10
1767 3405 1922 3452 fabulae
1955 3418 2045 3452 quas
2079 3419 2263 3451 paucas
2295 3406 2355 3443 ille
2386 3408 2589 3453 (Aesopus)

387 3466 545 3504 accendit
575 3478 637 3515 eqo
671 3467 794 3514 plures
829 3467 942 3515 *fer-0,
981 3480 1083 3505 usus*
1112 3472 1313 3505 vetusto
1333 3478 1461 3515 yenere
1483 3466 1544 3503 sed
1570 3465 1676 3502 rebus
1700 3466 1861 3502 novis.
1895 3487 1938 3491 —
1967 3467 2010 3503 2.
2038 3467 2281 3503 breuiter:
2310 3467 2468 3504 Phaedr.
2495 3478 2586 3514 app.
2617 3465 2655 3490 '⁶

388 3529 444 3563 12.
482 3528 505 3564 5
542 3528 703 3576 Aesopus
739 3531 873 3566 narrat
902 3529 967 3565 hoc
1002 3530 1227 3565 breviter
1262 3530 1360 3571 seni;
1397 3528 1433 3562 11
1472 3538 1516 3572 pr
1555 3528 1598 3561 12
1637 3527 1801 3563 brevitas
1837 3525 2006 3573 rependet
2039 3528 2223 3573 qratiam,·
2260 3528 2314 3562 IV
2339 3527 2395 3563 26.
2421 3527 2462 3568 8;
2490 3529 2524 3563 V
2550 3529 2584 3563 6.
