3198 4058
586 279 640 321 10
704 326 712 330 .
1537 291 1578 328 C.
1604 292 1656 327 M.
1682 291 1840 327 Zander.

579 396 764 454 longum
812 402 879 440 est
924 396 1184 453 singillatim
1231 397 1466 454 explicare,
1514 398 1621 441 satis
1652 396 1735 441 erit
1764 397 1965 441 attulisse
1997 383 2106 440 haec
2137 397 2356 454 exempla.
2391 398 2511 455 quod
2543 399 2681 456 igitur
2711 402 2777 443 est

578 474 767 518 Phaedr.
817 475 836 517 Ι
884 477 911 517 2
944 477 971 517 9
1003 476 1030 516 ὃ
1061 476 1313 529 repudiavit,
1352 475 1396 517 id
1430 475 1632 518 dilatavit
1668 473 1697 515 ss
1733 475 1818 531 (Ad
1857 476 1923 530 12)
1955 476 2037 518 sic:
2071 475 2203 518 tacuit
2233 479 2357 530 atque
2388 476 2637 532 indiynatus
2665 490 2782 531 repu-

578 552 725 595 diavit.
760 552 865 595 hinc
898 543 944 594 it:
979 552 1111 595 tacuit
1142 553 1417 595 dissimulans
1447 553 1702 607 aqitavitque
1733 557 1860 605 caput
1889 564 1961 600 ro,
1999 552 2141 607 magis
2176 557 2399 594 mutatum
2421 552 2567 595 sedin
2590 552 2778 595 eandem

578 627 740 671 silentii
789 628 1160 684 significationem
1202 629 1265 671 sic
1306 630 1544 683 compressit
1574 630 1686 671 iram
1717 633 1755 671 et
1785 628 1966 683 ayitavit
1996 632 2123 682 caput
2152 640 2216 671 w.
2281 642 2397 684 quae
2428 628 2592 672 silentii
2624 633 2668 672 et
2698 628 2782 672 dis·

579 704 877 748 simulationis
923 706 1188 761 significatio
1222 706 1327 761 quia
1361 721 1450 748 non
1484 710 1550 748 est
1580 704 1701 761 apud
1733 705 2001 750 Phaedrum,
2036 710 2103 747 est
2135 705 2179 746 in
2217 703 2265 755 Π,
2299 718 2398 747 eam
2431 719 2485 748 ex
2523 704 2554 746 Π
2588 705 2780 762 sumpsit

579 796 617 823 π.
666 807 721 812 —-
769 781 961 824 Phaedri
1005 785 1139 824 verba
1172 782 1190 824 1
1225 784 1292 824 21.
1332 784 1385 824 10
1417 783 1474 824 At
1506 783 1577 823 illc
1607 783 1852 835 exspirans:
1887 783 2061 824 «Fortes
2092 781 2265 835 indique
2296 781 2375 823 tuli
2407 781 2512 823 mihi
2544 782 2772 824 insultare»

578 857 687 899 mire
720 857 1036 912 interpretatus
1073 856 1103 898 [l
1139 857 1223 913 (Ad
1265 859 1329 913 16)
1361 858 1423 900 sic
1455 857 1608 900 scribit
1639 859 1698 900 At
1728 858 1799 900 ille
1829 858 2054 912 suspirans
2077 858 2254 913 fortiter
2286 857 2459 912 indique
2490 857 2597 912 tulit,
2637 858 2781 900 «Mihi

576 934 794 987 insultat»,
826 934 976 988 inquit.
1011 949 1147 990 quam
1182 932 1463 981 sententiam,
1500 949 1589 977 non
1622 934 1812 977 Phaedri
1847 934 1923 977 sed
1956 934 2074 977 illius
2111 933 2159 983 Π,
2189 934 2252 976 sic
2275 933 2419 975 reddit
2443 948 2468 974 π
2490 934 2637 977 verbis
2659 934 2777 977 aliis:

577 1011 636 1053 At
665 1015 723 1064 (et
745 1014 813 1057 ro)
846 1011 916 1054 ille
944 1026 1035 1054 cum
1055 1012 1212 1066 yemitu
1227 1012 1452 1065 samiram-
1472 1011 1533 1054 sic
1554 1011 1712 1054 dia-isse
1724 1012 1872 1066 fertur
1899 1031 1913 1048 «
1926 1045 2110 1054 .....
2146 1012 2286 1054 nullus
2306 1015 2366 1053 est
2385 1011 2517 1054 honor
2530 1012 2769 1065 pristinus»

574 1098 700 1130 wro.
736 1087 935 1131 eiusdem
972 1077 1149 1131 fabulae
1185 1088 1266 1131 lioc
1299 1094 1365 1131 cst
1396 1088 1514 1145 apud
1550 1088 1805 1130 Phaedrum
1839 1088 2146 1144 promytliium
2184 1088 2440 1142 Quicumque
2470 1088 2614 1131 amisit
2634 1088 2769 1143 ‹liqui-

574 1168 698 1207 tatem
722 1165 956 1218 pristinam
990 1166 1166 1220 Iynavis
1197 1167 1323 1208 etiam
1357 1167 1469 1208 iocus
1499 1169 1558 1207 est
1588 1166 1634 1208 in
1667 1180 1765 1208 casa
1795 1166 1942 1219 yravi:
1975 1180 2079 1208 cum
2111 1171 2259 1219 autem
2295 1165 2511 1220 scriptum
2545 1166 2601 1207 sit
2633 1165 2696 1206 Αδ
2724 1168 2775 1207 16

575 1241 821 1283 Mansuetos
867 1258 952 1284 esse
984 1242 1060 1293 γῆν,
1092 1243 1308 1295 ιίῑζᾳηόίαίιτ,
1351 1242 1453 1284 inde
1487 1241 1657 1284 conicio
1690 1241 1751 1284 sic
1786 1242 1876 1284 fere
1910 1242 2123 1298 scriptum
2159 1241 2294 1283 fuisse
2327 1241 2372 1283 in
2410 1239 2439 1280 ll
2460 1242 2679 1304 ³„<M⁰²²‘³t
2710 1243 2775 1284 Ιιο-

575 1318 706 1358 mines
753 1318 920 1383 debere>
971 1323 1205 1360 mansuetos
1251 1334 1335 1360 esse
1369 1318 1554 1360 *amissa
1592 1318 1808 1372 diynilate.
1843 1318 1963 1374 quod
1998 1323 2226 1374 utcunque
2261 1318 2356 1367 fuit,
2390 1321 2506 1360 certe
2539 1317 2627 1360 fuit
2658 1317 2716 1360 in*
2742 1315 2770 1358 Π

572 1394 819 1436 admonitio
854 1395 1222 1439 mansuetudinis,
1267 1410 1401 1450 quam
1436 1395 1789 1436 admonitionem
1825 1409 1850 1435 π
1882 1395 2047 1450 recepit
2078 1409 2131 1437 ex
2170 1393 2217 1442 ΙΙ,
2251 1394 2327 1436 sed
2362 1402 2484 1436 more
2516 1408 2597 1435 suo
2629 1394 2777 1436 verbis

571 1469 774 1512 dilatavit
821 1476 863 1512 et
909 1471 1278 1527 circumscripsit:
1329 1475 1583 1526 Quicumque
1614 1472 1833 1526 (Quisquis
1864 1472 1927 1526 ro)
1959 1471 2101 1514 amisit
2132 1471 2303 1525 (amittit
2335 1473 2396 1526 ro)
2430 1471 2677 1526 dignitatem
2711 1472 2776 1514 de-

562 1553 698 1601 ponat
730 1549 959 1590 audaciam
983 1549 1218 1603 pristinam
1250 1553 1287 1590 et
1317 1549 1424 1591 sciat
1455 1565 1483 1590 a
1514 1549 1695 1602 quolilu·t
1727 1549 1934 1591 iniuriam
1957 1548 2055 1603 pati
2087 1550 2153 1603 (nc
2178 1549 2377 1603 patiatur
2409 1548 2471 1604 ro)
2503 1559 2629 1592 wro.

716 1625 781 1665 Ex
831 1625 899 1666 his
946 1626 1136 1668 efficitur
1187 1624 1215 1665 ll
1268 1640 1459 1681 quarum
1512 1625 1764 1667 fabularum
1804 1630 1937 1674 extat,
1986 1639 2137 1668 earum
2173 1639 2267 1668 esse
2300 1626 2473 1668 fontem
2505 1624 2620 1668 inter
2654 1639 2776 1680 para-

572 1701 777 1756 phrastas
824 1702 1005 1757 quidem
1058 1703 1332 1757 primarium,
1371 1717 1395 1743 π
1426 1703 1755 1746 secundarium.
1807 1717 1962 1745 verum
1996 1708 2145 1745 tamen
2184 1702 2291 1758 quia
2322 1702 2456 1745 etiam
2491 1717 2516 1743 π
2548 1701 2682 1745 habet
2717 1728 2772 1733 —

569 1778 691 1833 quod
726 1778 990 1821 videbamus
1023 1793 1064 1835 p.
1101 1781 1221 1834 ἱείς.
1258 1804 1313 1809 -
1346 1779 1567 1834 quaedam
1602 1795 1628 1821 a
1664 1779 1862 1822 Phaedro
1888 1780 1985 1835 ipso
2007 1786 2199 1835 sumpta,
2224 1779 2394 1835 aliquid
2417 1778 2602 1822 subsidii
2626 1779 2771 1821 critici

571 1853 639 1895 vel
673 1869 726 1895 ex
761 1869 787 1895 π
818 1855 874 1896 ad
909 1855 1099 1897 Phaedri
1133 1856 1385 1898 fabularum
1422 1856 1724 1898 recensionem
1760 1855 1859 1898 licet
1891 1855 2139 1898 adsumere.
2229 1843 2235 1848 ⁰

713 1932 884 1982 Quodsi
933 1932 1056 1975 deest
1107 1931 1151 1977 ΙΙ,
1200 1933 1364 1974 scilicet
1414 1948 1439 1973 π
1486 1934 1529 1974 in
1579 1934 1674 1975 eius
1725 1934 1871 1974 locum
1922 1933 2130 1979 succedit,
2178 1949 2266 1975 non
2299 1933 2419 1988 quod
2454 1932 2668 1974 damnum
2704 1932 2772 1974 de-

569 2008 756 2051 ficientis
793 2007 822 2048 sl
861 2009 922 2051 ita
954 2009 1092 2065 possit
1136 2010 1432 2066 compensari,
1466 2010 1540 2052 sed
1577 2009 1694 2064 quod
1732 2024 1910 2052 necesse
1943 2015 2009 2052 est
2041 2014 2299 2052 contentum
2335 2024 2429 2051 esse
2462 2024 2513 2052 eo
2547 2009 2666 2065 quod
2700 2009 2774 2051 ha-

569 2084 685 2127 beas.
748 2085 941 2128 adiciam
990 2087 1281 2143 paraphrasin
1334 2086 1513 2130 fabulae
1547 2086 1737 2130 Phaedri
1773 2086 1836 2130 de
1870 2085 2006 2129 bove
2041 2087 2234 2130 vetulo
2267 2093 2319 2130 et
2350 2087 2617 2135 iuvenco,
2653 2101 2774 2142 prae-

568 2163 705 2205 missa
735 2163 890 2206 fabula
922 2164 1020 2220 ipsa
1051 2163 1257 2207 Phaedri.
2048 2168 2054 2171 ⁷

566 2240 787 2282 Phaedri
834 2253 955 2294 app.
1012 2242 1088 2283 12.
1155 2241 1480 2282 Paterfamilias
1521 2255 1704 2283 saevum
1741 2241 1932 2283 habebat
1965 2241 2118 2283 filium.
2186 2240 2272 2283 Hic
2305 2255 2327 2283 e
2360 2245 2601 2296 conspectu
2634 2240 2771 2296 patris

779 2332 882 2359 cum
932 2323 1171 2360 recesserat
1219 2318 1487 2360 Verberibus
1519 2333 1670 2360 servos
1703 2318 1925 2360 afficiebat
1960 2318 2162 2374 plurimis
2196 2317 2250 2360 Et
2284 2317 2517 2361 exercebat
2549 2317 2768 2361 fervidam

565 2407 584 2434 5
777 2395 1135 2437 adolescentiam.
1201 2397 1404 2449 Aesopus
1437 2410 1541 2450 ergo
1574 2401 1724 2437 narrat
1756 2396 1839 2437 hoc
1875 2395 2066 2440 breviter
2097 2395 2216 2437 seni:

876 2494 881 2507 ·
922 2471 1118 2520 Quidam
1152 2472 1342 2512 iuvenco
1375 2471 1574 2512 vetulum
1609 2471 1883 2526 adiungebat
1916 2471 2089 2513 bovem.
2156 2471 2196 2513 Is
2229 2485 2330 2513 cum
2356 2470 2583 2526 refugiens
2607 2470 2769 2528 impari

777 2548 888 2589 collo
923 2548 1077 2602 iugum
1112 2548 1280 2588 Aetatis
1313 2553 1545 2589 excusaret
1578 2549 1693 2589 vires
1727 2547 1975 2601 languidas,
2015 2547 2139 2588 «Non
2171 2552 2237 2589 est
2266 2546 2387 2602 quod
2412 2546 2594 2588 timeas»
2622 2546 2770 2602 inquit

565 2634 604 2665 10
778 2623 837 2664 illi
885 2624 1088 2673 rusticus,
1141 2624 1263 2665 «Non
1301 2630 1345 2665 ut
1381 2624 1552 2667 labores
1586 2625 1702 2666 facio
1735 2623 1809 2666 sed
1846 2630 1891 2665 ut
1925 2625 2060 2666 istum
2095 2623 2249 2666 domes
2282 2624 2370 2673 Qui
2404 2623 2522 2665 calce
2555 2629 2593 2665 et
2629 2637 2767 2665 cornu

779 2700 1122 2742 multos-reddit
1154 2700 1333 2743 debiles.
1402 2700 1511 2756 <1⁴30
1548 2707 1595 2742 tu
1631 2701 1712 2742 nisi
1749 2701 1882 2742 istum
1919 2706 2062 2742 tecum
2097 2700 2275 2743 assidue
2308 2700 2503 2743 *detines
2529 2698 2767 2757 Feroxque

779 2779 1007 2833 ingenium
1041 2779 1301 2834 comprimis
1333 2780 1568 2821 clementia
1605 2779 1716 2821 Vide
1751 2793 1804 2820 ne
1838 2779 2018 2834 querela
2056 2778 2195 2820 maior
2227 2783 2449 2820 accrescat
2481 2776 2685 2820 domus».

563 2867 601 2897 15
920 2856 1169 2898 Attrocitati
1207 2856 1503 2898 mansuetudo
1538 2861 1604 2898 est
1636 2856 1892 2898 remedium.

564 2947 589 2972 π
622 2953 674 2968 --
709 2933 947 2975 w1v15
980 2945 1038 2976 ro
1072 2933 1148 2974 III.
1190 2936 1252 2974 11.

723 3022 774 3052 W
807 3009 869 3050 IV
911 3012 960 3050 15
993 3009 1190 3058 Quidam
1227 3010 1547 3064 paterfamilias
1579 3023 1735 3051 sevum
1772 3009 1909 3049 tilium
1940 3010 2115 3050 habebat
2151 3010 2225 3061 qui
2262 3023 2378 3050 omne
2400 3008 2554 3050 iustum
2567 3008 2768 3063 saqiebat

560 3097 579 3126 5
776 3101 925 3128 errans
970 3091 1006 3128 et
1053 3086 1168 3127 servi
1202 3085 1361 3127 cotidie
1400 3086 1686 3141 vapulabant.
1752 3086 1953 3141 Aesopus
1986 3085 2119 3127 talem
2155 3084 2354 3127 fabulam
2387 3084 2532 3140 coepit
2570 3097 2759 3126 narrare.

918 3164 1058 3204 Senex
1104 3162 1287 3217 quidam
1339 3163 1528 3205 rusticus
1572 3161 1762 3204 vitulum
1796 3161 2009 3217 iungebat
2043 3167 2216 3203 maturo
2251 3160 2366 3210 bovi,
2402 3161 2557 3216 iugum
2594 3159 2766 3203 vitulus

775 3241 970 3288 ‘lcornua
1002 3239 1193 3282 exuebat
1224 3239 1464 3288 cervicem;
1500 3239 1601 3281 bovi
1636 3238 1790 3294 iugum
1824 3252 1928 3280 cum
1961 3238 2158 3281 horreret
2186 3237 2352 3280 vitulus
2388 3237 2577 3281 rusticus
2599 3235 2764 3279 dixisse

558 3327 595 3358 01
774 3317 933 3359 fertur:
973 3316 1099 3359 «Non
1133 3322 1182 3358 ut
1214 3315 1421 3358 laboretis
1453 3316 1529 3358 sed
1565 3315 1664 3358 volo
1699 3321 1870 3358 mutare
1906 3314 2178 3371 <minorem>
2216 3330 2271 3358 ne
2300 3314 2430 3371 <per>
2458 3328 2595 3369 vagos
2617 3313 2758 3356 calces

776 3393 857 3436 *et
888 3408 1073 3435 cornum
1108 3408 1208 3434 cnm
1246 3395 1358 3434 forte
1390 3393 1564 3447 aliquos
1598 3393 1782 3441 laeserit,
1816 3392 2041 3433 inmerens
2074 3398 2226 3448 pereat
2250 3391 2287 3446 ¹).

704 3500 727 3541 ¹)
755 3501 973 3544 Promythia
998 3511 1094 3544 quae
1120 3504 1210 3534 sunt
1236 3500 1273 3534 in
1299 3511 1344 3535 w
1369 3505 1405 3534 et
1431 3510 1483 3535 ro
1510 3500 1705 3534 brevitatis
1732 3509 1846 3534 rausa
1871 3500 1992 3533 omisi.
2018 3509 2114 3542 qnae
2140 3498 2275 3533 litteris
2302 3497 2492 3532 inclinatis
2518 3499 2607 3530 sunt
2633 3507 2677 3530 ea
2702 3493 2763 3532 w’

557 3560 724 3604 scripsit:
752 3559 901 3595 habebat
924 3571 1049 3603 supra,
1077 3560 1220 3603 reliqua
1247 3560 1284 3593 in
1312 3570 1452 3593 rasura.
