3198 4058
958 299 1012 333 De
1036 298 1238 342 generibus
1263 302 1302 332 et
1325 298 1432 332 libris
1458 297 1745 341 paraphrasium
1772 296 2103 331 Phaedrianarum.
2606 283 2633 323 9

439 405 677 465 pleraeque
723 405 1017 461 paraphrasin
1068 403 1098 444 ll
1149 375 1240 446 non
1288 404 1374 446 iam
1424 403 1591 446 habent
1635 403 1851 458 integram
1903 402 1978 445 sed
2027 416 2128 444 cum
2189 416 2215 443 π
2261 403 2626 445 contaminatam.

440 495 531 523 non
576 479 801 540 adhibebo
845 480 901 523 ad
950 481 1066 523 hanc
1111 480 1491 536 comparationem
1538 478 1656 521 locos
1703 479 1749 521 in
1785 479 1846 519 Αδ
1877 478 2176 534 interpolatos.
2212 482 2379 523 restant
2411 478 2547 533 igitur
2577 491 2632 518 ex

439 557 604 613 quibus
635 557 797 600 certius
828 557 997 613 aliquid
1030 551 1264 612 colligatur
1295 557 1426 599 haec:

579 635 772 671 Phaedri
797 635 816 671 1
843 636 890 670 e:
920 632 973 667 Aa
999 634 1044 669 26
1068 645 1114 671 w
1139 635 1175 669 11
1201 634 1222 669 4
1248 625 1300 671 1³0
1317 635 1354 669 11
1384 634 1426 668 15
1453 635 1481 668 r
1504 635 1564 676 (ιθ
1590 634 1632 676 B)
1659 650 1699 661 z
1724 631 1749 665 n
1774 644 1806 667 π.
1827 644 1855 667 v.
1874 635 1906 667 3.
1925 633 2124 667 exornavit
2142 632 2344 667 mmm-us.-
2363 632 2513 667 ornavit
2535 629 2559 664 n
2584 643 2604 663 π

436 697 471 730 8.
510 694 721 739 impudenti
760 693 832 729 Pk.-
866 694 1096 739 imprudenti
1128 692 1168 738 ΙΙ,
1194 694 1424 739 imprudenti
1454 693 1505 729 vel
1529 692 1739 737 impudenti
1768 704 1790 726 π
1820 692 1822 737 2
1852 693 1912 728 avi
1939 691 2013 727 Ph:
2043 704 2100 728 om
2130 689 2154 725 ll
2186 704 2206 724 π
2270 692 2315 726 16
2341 692 2530 736 repulsam
2559 690 2633 726 Ph:

437 754 611 799 repulsus
637 753 691 789 vel
715 754 847 798 pulsus
878 751 903 786 ll
934 765 965 788 π.

578 815 771 850 Phaedri
808 816 827 849 1
866 816 916 849 5:
957 812 1010 846 Αδ
1049 815 1070 848 9
1095 825 1139 850 w
1175 815 1190 848 Ι
1217 825 1268 849 ro
1295 815 1311 847 1
1338 815 1359 846 6
1389 828 1427 841 =
1460 811 1484 845 Π
1515 824 1547 847 π.
1589 825 1617 847 v.
1643 816 1667 846 3
1693 814 1840 856 patiens
1867 813 2025 847 iniuriae
2052 812 2126 846 ΡΙι.·
2151 824 2207 846 om
2237 810 2261 844 ll
2293 824 2314 844 π
2378 814 2398 846 4
2427 813 2531 846 suere
2563 811 2632 846 Ph.-

438 875 592 909 fuerunt
619 871 645 907 ll
677 885 708 909 π.
738 873 741 916 l
772 876 795 909 ⁶·
820 874 989 917 partibus
1015 874 1124 909 factis
1152 873 1224 908 ΡΙι.·
1249 873 1359 909 factis
1387 873 1556 917 partibus
1588 870 1614 905 Π
1645 885 1676 908 π.
1708 877 1711 909 l
1744 874 1797 908 10.
1824 872 1856 907 si
1883 872 1967 916 quis
1995 872 2157 913 tetigerit
2182 871 2254 906 ΡΙι.·
2279 872 2341 915 qui
2362 872 2525 913 tetigerit
2548 870 2573 904 ll
2597 884 2630 906 π.

578 934 771 970 Phaedri
796 935 815 970 Ι
841 934 889 970 8:
929 930 980 966 Αὸ
1006 933 1051 968 64
1076 943 1121 970 w
1147 934 1163 968 1
1189 934 1211 966 9
1236 943 1287 969 ro
1313 934 1329 967 1
1356 934 1378 967 8
1405 948 1447 961 =
1479 931 1504 965 ll
1536 943 1568 967 π.
1620 943 1649 967 c.
1678 933 1734 967 12.
1760 932 1961 967 abstuleris
1992 931 2062 966 ΡΙι.·
2100 931 2280 966 extuleris
2306 932 2500 974 Kextulisti,
2527 936 2631 967 extu-

437 993 493 1035 lit)
519 990 547 1026 Il
580 1004 612 1028 π.

577 1053 770 1088 Phaedri
795 1054 814 1088 1
846 1054 923 1088 10:
956 1051 1006 1085 ΑΞ
1033 1053 1078 1086 28
1103 1063 1154 1088 ro
1181 1053 1216 1086 II
1247 1054 1288 1086 18
1309 1054 1335 1086 F
1359 1053 1417 1095 (19
1444 1054 1546 1091 1332
1570 1050 1595 1084 ll
1627 1063 1658 1086 π.
1713 1063 1740 1086 v.
1767 1054 1802 1086 2.
1853 1052 1999 1086 etiamsi
2020 1052 2111 1086 divit
2130 1051 2202 1086 ΡΙι.·
2219 1052 2366 1086 etiamsi
2386 1052 2411 1090 tl
2430 1052 2515 1092 etsi)
2531 1052 2631 1086 dieat

440 1110 465 1144 ll
497 1123 517 1143 π
548 1112 550 1154 ξ’
580 1113 612 1146 5.
639 1112 771 1155 eulpae
810 1112 1021 1155 proximam
1050 1111 1123 1145 ΡΙι.·
1149 1122 1249 1146 ream
1282 1109 1306 1143 ll
1338 1123 1358 1143 π
1389 1112 1391 1128 ”
1423 1113 1455 1146 7.
1482 1122 1633 1145 causan·
1661 1123 1746 1145 cuin
1774 1116 2010 1154 perorassent
2041 1111 2113 1145 ΡΙι.·
2137 1122 2289 1145 causam
2315 1112 2475 1152 (causas)
2499 1111 2630 1145 dicunt

440 1169 466 1205 ll
496 1184 517 1205 π
547 1172 550 1215 l
580 1174 612 1207 9.
641 1172 737 1216 petis
764 1171 837 1206 Ph:
863 1172 1011 1215 quaeris
1042 1170 1067 1205 Π
1100 1184 1132 1207 π.

577 1233 769 1266 Phaedri
794 1233 813 1266 Ι
845 1234 923 1266 13:
964 1229 1014 1263 Αδ
1043 1232 1086 1265 15
1111 1242 1155 1266 W
1182 1232 1216 1265 11
1245 1231 1264 1265 7
1291 1241 1342 1266 ro
1369 1232 1384 1264 1
1415 1231 1456 1264 15
1484 1232 1511 1264 F
1536 1231 1594 1273 <314
1621 1231 1663 1271 Β)
1691 1247 1729 1258 ι
1762 1229 1786 1263 ΙΙ
1819 1243 1850 1265 π.
1904 1242 1933 1264 ι’.
1962 1232 1990 1264 1.
2019 1230 2186 1264 residens
2218 1230 2283 1264 Pk:
2311 1231 2445 1264 resedit
2472 1228 2538 1273 χΑδ
2567 1230 2631 1264 00¹:

435 1290 607 1325 consedit
635 1288 734 1329 w²ro)
763 1288 787 1322 ll
818 1302 839 1322 π
870 1291 872 1305 ”
901 1294 935 1324 8.
964 1292 1012 1324 At
1037 1290 1099 1324 ille
1124 1290 1263 1324 stultus
1289 1290 1378 1323 dum
1400 1289 1471 1324 ΡΙι.·
1487 1291 1563 1331 (At)
1586 1290 1647 1323 ill«¹
1665 1291 1755 1323 dum
1778 1288 1802 1321 ΙΙ
1827 1301 1858 1323 τι.
1908 1285 2289 1333 ¹12.corvi-{ereptus
2308 1296 2439 1333 stupor
2458 1289 2527 1322 Ph:
2556 1301 2628 1322 vor-

436 1361 505 1384 vus
531 1353 685 1393 stupore
710 1349 891 1392 deeeptus
923 1347 947 1380 ΙΙ
979 1361 1011 1383 π.
1038 1348 1110 1383 cod.
1137 1350 1174 1383 D
1200 1348 1232 1382 h.
1258 1348 1280 1382 l.
1307 1360 1351 1382 ex
1375 1359 1427 1383 ro
1453 1348 1690 1392 interpolatas
1714 1351 1783 1390 es&
1811 1361 1881 1383 mm
1907 1351 1998 1383 recte
2025 1348 2138 1392 iqitur
2165 1347 2318 1383 Rothius
2345 1347 2437 1382 Phil.
2466 1347 2490 1382 I
2511 1350 2590 1382 535.

576 1409 769 1444 Phaedri
794 1410 813 1444 Ι
840 1410 922 1444 21;
953 1405 1002 1443 Ae}
1030 1410 1074 1443 1⁴3
1098 1419 1143 1444 w
1168 1409 1204 1442 11
1230 1410 1253 1441 8
1278 1419 1329 1444 ro
1357 1409 1371 1442 1
1402 1409 1444 1442 143
1472 1425 1514 1436 z
1545 1407 1569 1441 ll
1601 1421 1632 1443 π,
1660 1421 1689 1443 v.
1718 1410 1765 1443 10
1790 1409 1968 1452 expirans
1996 1408 2068 1442 ΡΙι.·
2093 1397 2289 1452 suspirans
2319 1406 2343 1441 ll
2376 1419 2407 1442 π.

575 1468 769 1504 Phaedri
793 1469 812 1503 Ι
840 1469 921 1503 24:
954 1466 1004 1501 Ᾱδ
1030 1468 1076 1502 33
1101 1477 1152 1503 ro
1180 1468 1215 1501 11
1242 1469 1288 1501 20
1314 1467 1342 1501 F
1366 1468 1421 1510 (21
1451 1468 1493 1510 B)
1520 1482 1560 1496 z
1593 1465 1617 1500 ΙΙ
1649 1479 1680 1503 π.
1708 1468 1745 1502 in
1772 1472 1878 1512 prato
1897 1468 2059 1511 quodam
2080 1467 2152 1502 ΡΙι.·
2171 1467 2207 1501 in
2228 1472 2334 1511 prato
2357 1465 2381 1500 ll
2405 1479 2425 1499 π
2489 1468 2622 1502 bovem

435 1527 510 1562 Ph:
535 1528 570 1561 b.
597 1530 813 1571 pascentem
845 1525 870 1558 ΙΙ
902 1539 934 1561 π.

575 1588 768 1621 Phaedri
793 1589 812 1620 Ι
839 1588 922 1621 28:
953 1585 1004 1618 Αδ
1034 1587 1075 1619 14
1101 1597 1145 1620 w
1171 1588 1205 1619 11
1232 1587 1254 1619 :2
1280 1597 1331 1620 ro
1358 1587 1373 1619 1
1402 1587 1445 1619 13
1473 1588 1500 1619 F
1524 1588 1572 1626 (ΙΙ
1599 1587 1621 1617 8
1650 1588 1689 1625 Β)
1716 1602 1758 1614 =
1790 1585 1814 1618 ll
1847 1598 1879 1620 π.
1909 1598 1937 1620 ιτ.
1963 1589 1995 1619 3.
2023 1587 2211 1628 quondam
2238 1587 2390 1620 sustulit
2414 1586 2489 1620 Ph:
2507 1587 2630 1628 rapuit

438 1644 463 1679 Ι]
496 1658 515 1678 π
544 1645 548 1688 Ι
579 1647 612 1680 4.
639 1657 761 1680 escam
791 1650 832 1680 ut
857 1649 1055 1689 carperent
1081 1645 1149 1680 Ph:
1180 1649 1219 1679 ut
1244 1646 1364 1687 (quos)
1389 1657 1512 1680 eseam
1540 1645 1645 1680 daret
1675 1643 1699 1678 ll
1732 1657 1752 1678 π
1814 1646 1836 1678 5
1862 1657 1968 1680 orare
1995 1645 2126 1689 incipit
2155 1657 2200 1679 ne
2227 1649 2375 1680 tantum
2403 1646 2543 1680 luc-tum
2565 1645 2626 1679 im-

435 1708 600 1748 portaret
622 1704 695 1738 sibi
715 1703 784 1738 Ph:
812 1705 968 1746 rogabat
985 1708 1027 1738 ut
1043 1704 1187 1738 catulos
1205 1714 1294 1737 suos
1312 1704 1383 1737 sibi
1404 1704 1571 1738 redderet
1593 1705 1750 1745 (catulos
1768 1704 1833 1738 svcl
1851 1704 1972 1746 natos]
1990 1716 2080 1738 suos
2103 1704 2175 1737 sihi
2196 1704 2313 1743 reddi)
2333 1701 2359 1734 ll
2383 1715 2403 1735 π
2427 1704 2430 1709 “
2451 1706 2484 1737 8.
2506 1704 2627 1746 vulpis

435 1764 505 1798 Ph:
534 1776 568 1799 v.
595 1764 711 1807 plena
731 1764 859 1798 dolore
883 1763 1088 1806 (doloribus
1115 1763 1317 1798 constricta
1344 1762 1385 1804 w)
1414 1760 1438 1795 ll
1470 1775 1490 1795 π
1520 1764 1522 1799 3
1552 1764 1744 1799 ardentem
1778 1765 1899 1799 facem
1929 1763 1997 1798 Ph:
2028 1764 2151 1805 ignem
2179 1775 2263 1797 vum
2293 1763 2416 1797 favilla
2446 1760 2470 1795 ΙΙ
2502 1762 2626 1806 ignem

434 1823 470 1859 id
498 1826 556 1859 est
581 1822 742 1859 faculam
772 1833 792 1854 π
822 1821 825 1868 Ῐ
855 1824 888 1858 9.
916 1822 1078 1857 flammis
1104 1822 1275 1857 arborem
1301 1821 1547 1857 circumdedit
1578 1821 1647 1857 Ph:
1680 1823 1757 1857 arb.
1776 1822 1861 1857 cire.
1886 1820 1910 1855 ll
1934 1833 1954 1855 π
2019 1823 2074 1857 12.
2095 1822 2248 1857 tradidit
2266 1821 2337 1856 Ph:
2360 1821 2521 1856 reddidit
2544 1820 2567 1854 ll
2592 1833 2623 1856 π.

575 1884 768 1919 Phaedri
793 1885 812 1918 Ι
839 1885 922 1918 29:
955 1880 1004 1915 Αδ
1033 1884 1075 1917 12
1100 1894 1197 1918 wro
1224 1883 1239 1916 I
1269 1883 1307 1916 ll
1340 1899 1380 1909 2
1412 1880 1437 1914 ΙΙ
1469 1894 1500 1917 π.
1527 1894 1557 1917 υ.
1585 1885 1616 1917 5.
1644 1883 1705 1917 ille
1732 1883 1933 1925 indignans
1961 1883 2029 1916 Pk:
2059 1883 2275 1924 indignatus
2301 1894 2391 1926 aper
2421 1881 2446 1913 ll
2477 1893 2509 1916 π.

575 1943 769 1978 Phaedri
794 1945 812 1977 Ι
842 1944 923 1996 ΙΙρῐ
950 1944 964 1976 Ι
991 1944 1031 1976 31
1063 1947 1146 1986 post
1173 1943 1211 1975 in
1238 1953 1397 1976 examen
1425 1943 1589 1976 venient.

582 2019 636 2061 Et
683 2020 790 2061 haec
836 2019 1021 2074 quidem
1069 2019 1295 2061 hactenus.
1344 2033 1460 2074 quae
1497 2019 1577 2061 etsi
1610 2019 1802 2073 cuipiam
1838 2018 2075 2061 videantur
2106 2033 2200 2060 esse
2234 2019 2442 2074 pauciora
2474 2024 2622 2060 tamen

440 2097 547 2138 satis
594 2096 735 2137 multa
781 2102 886 2137 sunt
923 2101 970 2137 ut
1003 2095 1312 2151 intellegamus
1346 2096 1662 2150 paraphrastae
1695 2096 1855 2136 minori
1891 2097 1946 2149 (π)
1980 2110 2069 2137 non
2104 2095 2236 2137 modo
2269 2095 2458 2137 Phaedri
2493 2096 2632 2148 ipsius

435 2172 571 2217 libros
603 2171 678 2214 sed
712 2172 847 2214 etiam
879 2172 1196 2226 paraphrastae
1229 2171 1408 2213 maioris
1439 2170 1508 2226 (ll)
1540 2172 1677 2213 fuisse
1710 2171 1933 2213 subiectos
1966 2177 2182 2226 tanquam
2219 2171 2447 2213 materiam
2472 2171 2517 2212 in
2541 2186 2630 2225 qua

434 2246 713 2290 retractanda
759 2247 1015 2289 elaboraret.
1064 2261 1114 2289 ac
1156 2248 1303 2301 potius
1334 2248 1639 2301 expectatione
1673 2246 1820 2301 plures
1853 2247 1987 2289 huius
2019 2247 2193 2301 generis
2227 2247 2345 2289 locos
2380 2247 2546 2289 inveni.
2582 2247 2626 2288 hi

433 2323 553 2365 enim
586 2322 685 2365 libri
719 2323 1060 2378 paraphrasium
1092 2336 1144 2366 w
1175 2330 1219 2366 et
1249 2335 1319 2366 ro.
1355 2323 1431 2378 qui
1465 2338 1601 2378 quam
1636 2323 1851 2365 rationem
1885 2322 2078 2366 habeant
2109 2322 2165 2366 ad
2201 2321 2230 2363 ll
2257 2323 2501 2377 quaeritur,
2526 2329 2629 2365 tem-

435 2413 592 2454 porum
627 2399 816 2442 decursu
850 2414 938 2441 non
973 2398 1118 2449 modo,
1153 2404 1201 2442 ut
1233 2398 1374 2442 solent
1406 2398 1578 2442 codices
1610 2399 1913 2454 antiquorum,
1947 2398 2141 2454 corrupti
2176 2404 2218 2442 et
2251 2399 2501 2454 interpolati
2527 2404 2631 2442 sunt

433 2490 459 2518 a
507 2475 708 2521 librariis,
759 2475 834 2517 sed
873 2477 1006 2517 etiam
1041 2475 1187 2517 studio
1220 2475 1613 2530 paraphrastarum
1647 2480 1689 2518 et
1720 2475 1862 2530 ipsius
1899 2489 1924 2515 π
1956 2480 1998 2517 et
2030 2475 2240 2530 deinceps
2272 2480 2517 2518 ceterorum
2553 2475 2631 2530 qui

433 2552 557 2595 illum
593 2552 729 2596 secuti
764 2557 868 2595 sunt
901 2551 1035 2596 verba
1068 2551 1233 2595 habent
1265 2556 1499 2596 retractata
1530 2567 1581 2596 ac
1614 2553 1773 2596 reticta.
1810 2551 2121 2608 paraphrastes
2154 2551 2340 2608 quidem
2374 2551 2445 2596 ille
2480 2566 2504 2594 π
2537 2552 2629 2608 plu-

434 2631 548 2673 rima
597 2629 785 2672 mutavit
832 2636 874 2672 et
922 2629 1086 2686 ingenii
1135 2629 1369 2672 exercendi
1402 2644 1536 2673 causa
1567 2635 1610 2672 et
1641 2645 1692 2672 eo
1724 2628 1907 2672 consilio
1940 2634 1989 2672 ut
2021 2629 2155 2673 libros
2188 2629 2444 2673 fabularum
2476 2628 2629 2673 ederet

435 2708 562 2763 quasi
609 2722 747 2750 novos
780 2722 830 2750 ac
862 2722 976 2750 suos.
1012 2707 1130 2762 quod
1165 2708 1259 2763 ipse
1291 2713 1332 2750 et
1365 2708 1411 2749 in
1445 2707 1715 2762 praefatione
1748 2713 1790 2750 et
1822 2707 1867 2749 in
1900 2707 2074 2763 epilogo
2109 2708 2338 2763 profitetur
2370 2722 2474 2750 eum
2508 2722 2623 2766 vana

435 2797 596 2840 operae
629 2784 864 2827 iactatione
895 2784 1108 2839 gloriatur
1139 2797 1185 2826 se
1216 2783 1519 2839 composuisse
1542 2782 1674 2826 libros
1699 2784 1859 2839 Aesopi
1883 2789 1925 2826 et
1946 2797 1971 2826 a
1995 2797 2039 2826 se
2064 2785 2108 2826 in
2133 2789 2278 2826 vetere
2301 2784 2458 2826 semita
2482 2784 2622 2826 tactas

433 2874 530 2903 esse
563 2860 771 2902 narrandi
806 2861 899 2903 vias
931 2861 979 2915 (si
1015 2860 1146 2902 modo
1178 2865 1294 2903 recte
1326 2861 1473 2903 locum
1504 2866 1762 2916 corruptum
1786 2860 2010 2915 intellexi).
2050 2862 2118 2903 cui
2160 2861 2344 2902 vanitati
2368 2874 2458 2916 quo
2483 2861 2623 2902 maior

433 2937 542 2980 tides
588 2942 855 2979 accresceret
901 2937 1092 2992 speciem
1141 2937 1349 2978 novitatis
1387 2937 1557 2979 studuit
1590 2937 1753 2979 fabulis
1785 2936 2156 2979 circumtundere.
2191 2937 2482 2992 quamobrem
2517 2951 2620 2979 cum

433 3013 568 3056 homo
617 3027 780 3069 magna
827 3014 1075 3069 ignorantia
1123 3013 1228 3056 artis
1277 3027 1527 3069 magnaque
1561 3013 1726 3068 ingenii
1762 3012 1965 3056 tarditate
2002 3014 2246 3056 novitatem
2280 3028 2427 3056 rerum
2462 3014 2624 3056 afferre

433 3094 581 3144 posset
627 3089 809 3135 nullam.
859 3091 962 3133 iecit
1008 3090 1126 3146 quod
1167 3091 1333 3145 potuit:
1368 3090 1504 3133 verba
1534 3104 1669 3145 quam
1705 3091 1898 3132 maxime
1932 3092 2111 3133 vexavit
2146 3090 2359 3132 variando
2391 3096 2433 3133 et
2467 3096 2628 3133 retrac-

432 3165 591 3222 tando'⁸
630 3172 696 3209 est-
741 3166 877 3222 igitur
924 3168 1121 3222 profecto
1170 3167 1332 3209 mirum
1380 3180 1610 3222 superesse
1655 3167 1699 3208 in
1735 3181 1760 3207 π
1791 3166 1954 3209 similia
1986 3167 2048 3209 illi
2086 3166 2132 3209 ll.
2167 3167 2310 3221 quid‘?
2343 3167 2462 3222 quod
2497 3168 2626 3222 plura

433 3248 538 3287 sunt
574 3257 689 3300 quae
720 3243 775 3286 in
813 3244 1091 3287 varietate
1125 3259 1230 3287 non
1265 3258 1438 3300 parva
1470 3242 1770 3286 verborum
1807 3242 1835 3284 ll
1864 3258 1890 3285 π
1913 3243 2106 3287 habeant
2138 3243 2364 3287 deflexa
2397 3258 2423 3287 a
2455 3244 2630 3287 Phae-

433 3319 531 3364 dro
578 3321 632 3363 in
679 3320 912 3364 eandem
962 3322 1318 3364 sententiam.
1363 3322 1490 3364 cuius
1524 3322 1582 3365 rei
1617 3322 1699 3364 hoc
1732 3321 1819 3364 fuit
1852 3322 1946 3368 iter,
1982 3322 2090 3364 haec
2124 3322 2395 3378 progressio:
2431 3322 2575 3378 primo
2608 3337 2635 3365 a

435 3396 638 3440 Phaedro
685 3397 729 3440 in
779 3398 1071 3454 paraphrases
1123 3397 1169 3449 ll,
1218 3404 1316 3441 tum
1362 3413 1387 3441 a
1438 3397 1469 3439 ll
1519 3399 1563 3440 in
1599 3398 1891 3454 paraphrases
1923 3399 2084 3442 alteras
2121 3413 2168 3448 π;
2203 3399 2307 3441 hinc
2340 3399 2550 3455 deinceps
2583 3400 2629 3442 in

435 3479 682 3529 postremos
729 3474 825 3516 illos
872 3475 949 3531 qui
983 3489 1009 3516 π
1040 3480 1343 3518 retractarunt.
1378 3489 1514 3532 quare
1549 3475 1683 3518 verba
1706 3475 1924 3532 cuiusque
1962 3476 2041 3518 loci
2083 3476 2223 3532 magis
2262 3476 2492 3533 magisque
2537 3490 2629 3519 mu-

435 3554 527 3593 tata
557 3555 675 3603 sunt,
707 3551 785 3594 sed
820 3557 867 3594 ut
901 3552 1093 3594 narratio
1125 3566 1176 3595 ac
1208 3552 1424 3595 sententia
1451 3565 1631 3595 cursum
1654 3552 1832 3609 saepius
1851 3553 2037 3609 quidem
2060 3558 2239 3596 teneret.
2264 3552 2384 3609 quod
2409 3553 2625 3609 quoniam
