3198 4058
923 276 980 312 De
1003 274 1208 320 generibus
1232 273 1272 311 et
1294 273 1402 312 libris
1426 273 1715 341 peraphmium
1740 274 2073 310 Phaedrianarum.
2565 260 2590 303 7

864 366 1153 439 Vulpeffique
1181 379 1462 439 repudiatam
1494 373 1706 424 chanamis'
1735 379 1909 437 expulit

864 456 950 502 His
970 460 1265 516 prosecutus:
1301 455 1444 501 ‘Vive
1474 471 1566 515 quo
1596 455 1735 515 digna
1764 471 1812 501 es
1844 456 2012 514 modo,-

865 534 1011 592 Digne
1042 533 1151 591 quia
1180 533 1345 578 nostris
1377 535 1441 577 uti
1474 534 1645 578 meritis
1675 542 1773 591 uun¹
1798 538 1925 591 potes
1945 534 1985 588 ¹).
2132 575 2150 589 l

533 611 628 656 Iam
663 625 904 669 verosque
936 611 1079 670 magis
1110 615 1326 669 appareat
1356 610 1465 667 quid
1497 610 1674 654 intersit
1702 611 1819 654 inter
1851 608 1885 652 Π
1909 615 1955 654 et
1974 625 2014 661 π,
2037 609 2332 667 paraphrases
2354 610 2589 666 utriusque

390 689 567 746 generis
597 688 789 733 adiciam
821 688 912 732 fab.
945 687 1136 731 Phaedri
1169 687 1338 731 tertiae.
1371 687 1570 744 primum
1601 684 1737 751 igitur
1766 686 2013 730 exscribam
2039 687 2175 729 verba
2199 685 2405 737 Phaedri,
2427 685 2590 729 deinde

392 765 686 823 paraphrasin
722 764 754 807 [l
791 785 846 802 =
880 764 946 807 Αδ
967 766 1037 815 26,
1060 769 1156 807 tum
1179 764 1473 821 paraphrasin
1497 777 1525 805 π
1545 778 1599 807 ex
1622 775 1674 808 w
1695 764 1895 820 (longum
1917 769 1986 806 est
2006 764 2125 806 enim
2149 775 2208 808 ro
2229 777 2409 820 quoque
2430 763 2589 807 exscri-

391 841 509 894 bere,
542 842 800 899 praesertim
833 855 935 885 cnm
970 841 1108 884 verba
1138 841 1273 884 huius
1304 839 1482 884 fabulae
1514 840 1560 883 in
1593 850 1652 884 ro
1683 840 1774 883 sint
1805 840 1948 896 magis
1980 854 2116 895 quam
2148 840 2193 882 in
2216 851 2268 884 w
2296 839 2587 896 interpolata).

323 930 336 945 ¹
390 917 607 964 Pha-adr.
640 919 674 964 Ι.
708 919 756 964 3.
820 917 887 962 Ne
932 917 1110 974 gloriari
1147 917 1282 962 libeat
1327 917 1484 962 alienis
1516 917 1645 961 bonis
1677 916 1858 974 Suoque
1890 917 2038 974 potius
2070 915 2224 960 habitu
2258 916 2396 960 vitam
2428 916 2588 973 degere

515 976 531 993 ⁰
605 995 810 1053 Aesopus
858 995 988 1038 uobis
1033 996 1117 1039 hoc
1164 995 1421 1052 exemplum
1469 994 1677 1052 prodidit.
1740 994 1940 1038 Tumens
1981 995 2103 1037 inani
2134 995 2348 1050 gragulus
2379 993 2588 1052 superbia

391 1085 412 1116 5
607 1072 786 1116 Pennas
835 1087 1062 1134 pavonum
1095 1087 1211 1129 quae
1249 1071 1509 1115 deciderant
1538 1072 1719 1114 sustulit
1749 1072 1895 1128 Seque
1927 1073 2171 1114 exornavit.
2205 1064 2366 1114 deinde
2396 1076 2586 1114 contem-

561 1169 566 1172 ·
605 1164 716 1192 nens
763 1164 867 1193 suos
916 1150 1000 1192 *Se
1048 1150 1255 1192 *miscuit
1300 1148 1527 1207 pavonum
1576 1150 1773 1192 formoso
1818 1150 1955 1206 gregi.
2021 1149 2085 1191 Illi
2133 1149 2383 1206 impudenti
2417 1163 2587 1207 pennas

603 1228 800 1284 eripiunt
830 1228 903 1271 avi
937 1229 1188 1284 fugantque
1220 1227 1383 1270 rostris.
1419 1228 1534 1270 male
1558 1228 1779 1270 mulcatus
1799 1229 2013 1283 gragulus
2035 1227 2196 1269 Redire
2218 1240 2422 1269 maerens
2443 1228 2589 1283 coepit

605 1305 660 1347 ad
695 1305 925 1360 proprium
960 1318 1126 1359 genus;
1159 1305 1197 1346 A
1233 1318 1324 1359 quo
1357 1305 1561 1360 repulsus
1592 1305 1760 1346 tristem
1795 1305 2009 1347 sustinuit
2039 1304 2291 1360 not[iei]am.
2355 1303 2472 1345 Tum
2494 1304 2585 1358 qui-

392 1392 432 1423 ιο
605 1381 707 1423 dam
742 1395 796 1423 ex
830 1381 915 1424 illis
948 1395 1061 1436 quos
1093 1381 1217 1437 prius
1247 1380 1533 1436 despexerat:
1571 1380 1843 1424 «Contentus
1874 1381 2037 1423 nostris
2069 1381 2104 1423 si
2137 1381 2300 1423 fuisses
2330 1378 2510 1422 sedibus
2533 1379 2589 1422 Et

604 1458 724 1513 quod
774 1462 935 1500 natura
982 1457 1164 1500 dederat
1211 1457 1429 1500 voluisses
1475 1458 1566 1513 pati
1604 1457 1695 1500 Nec
1727 1457 1848 1500 illam
1881 1463 2090 1514 expertus
2122 1471 2239 1499 esses
2258 1457 2585 1504 „contumeliam

605 1534 698 1575 Nec
729 1534 846 1576 hanc
879 1533 1103 1590 repulsam
1136 1538 1215 1575 tua
1245 1533 1428 1575 sentiret
1459 1533 1700 1576 calamitas.

392 1609 425 1652 n
463 1631 514 1646 π
554 1610 614 1652 Αδ
645 1612 726 1655 26.
790 1611 990 1653 Tumens
1037 1611 1159 1652 inani
1208 1611 1420 1665 gragulus
1467 1612 1676 1666 superbia
1721 1624 1893 1666 pennas
1925 1623 2152 1666 pavonum
2186 1624 2301 1666 quae
2333 1610 2589 1652 deciderant

603 1689 783 1730 sustulit
830 1702 967 1744 seque
1014 1688 1175 1730 exinde
1221 1688 1418 1747 ornavit;
1458 1692 1780 1745 contempnens
1817 1703 1921 1730 suos
1955 1688 2134 1730 miscuit
2165 1703 2211 1730 se
2243 1702 2470 1745 pavonum
2504 1688 2586 1729 for-

606 1780 729 1808 moso
759 1766 896 1821 gregi.
960 1766 1028 1808 Illi
1059 1765 1334 1821 imprudenti
1367 1780 1538 1821 pennas
1559 1766 1754 1822 eripiunt
1773 1767 1846 1808 avi
1869 1770 2159 1821 effugantque
2182 1767 2407 1807 miserum.
2473 1765 2587 1807 Male

605 1842 819 1885 multatus
849 1844 1062 1897 gragulus
1094 1842 1226 1885 rediit
1259 1857 1463 1885 moerens
1494 1843 1549 1885 ad
1585 1844 1812 1899 proprium
1845 1858 2011 1898 genus:
2049 1857 2077 1885 a
2107 1857 2198 1898 quo
2229 1844 2435 1898 repulsus
2465 1843 2586 1884 lucti-

391 1931 411 1961 5
607 1919 736 1961 ficam
770 1919 931 1962 iterum
964 1919 1178 1970 sustinuit
1202 1924 1373 1962 notam.
1439 1919 1567 1962 Tunc
1598 1919 1785 1976 quidam
1804 1904 1871 1963 ex
1903 1920 1973 1962 his
2004 1935 2138 1976 quem
2173 1919 2346 1977 pridem
2378 1919 2585 1977 despexe-

488 1986 491 1991 *
602 1991 681 2049 rat,
730 1994 822 2038 ait:v
867 1983 1140 2039 «Contentus
1188 1997 1352 2039 nostris
1378 1997 1425 2039 ‘si
1457 1997 1617 2039 fuisses
1648 1996 1829 2039 sedibus
1861 2002 1905 2039 et
1937 1996 2181 2053 pati‘quod
2213 2002 2375 2039 natura
2404 1996 2587 2039 dederat

604 2073 819 2115 voluisses
851 2088 934 2115 nec
966 2073 1085 2115 illam
1118 2078 1329 2129 expertus
1362 2073 1677 2129 contumeliam
1712 2075 1874 2115 fuisses
1907 2087 1988 2115 nec
2019 2074 2074 2115 ad
2108 2074 2225 2116 hanc
2258 2073 2462 2130 repulsus
2494 2086 2585 2129 per-

603 2149 757 2192 venire
790 2150 1008 2206 potuisses
1041 2150 1308 2192 miseriam».

747 2225 812 2269 Ne
845 2226 978 2270 libeat
1008 2227 1186 2282 gloriari
1212 2241 1485 2282 quemquam
1512 2227 1638 2293 bpnis
1660 2228 1828 2277 alienis,
1853 2228 1944 2270 suis
1966 2228 2075 2284 quin
2099 2228 2246 2284 potius
2269 2228 2418 2270 vivere
2441 2228 2583 2269 malle.

389 2317 416 2345 π
447 2316 500 2346 ex
533 2315 585 2348 w
619 2304 664 2348 ΙΙ
693 2305 729 2348 4
760 2304 827 2348 De
857 2304 925 2348 his
955 2304 1028 2359 qui
1057 2318 1101 2347 se
1132 2305 1341 2348 extollunt.

603 2380 669 2422 Ne
717 2382 820 2436 qui-‹-
865 2381 920 2423 de
967 2381 1124 2424 alienis
1171 2383 1301 2424 bonis
1350 2382 1485 2440 [dum]
1526 2396 1737 2439 magnum
1771 2396 1817 2424 se
1851 2384 1972 2425 vellit
2004 2384 2199 2440 proferre
2229 2396 2398 2440 suoque
2430 2383 2586 2440 pocius

604 2458 779 2500 modico
822 2463 1014 2509 ornetur,
1059 2460 1263 2515 Aesopus
1296 2459 1444 2516 [enim]
1478 2460 1561 2502 hoc
1593 2461 1847 2516 exemplum
1882 2475 1960 2516 per
1992 2460 2182 2503 fabulam
2214 2460 2410 2516 prodidit
2441 2460 2582 2503 nobis.

600 2534 800 2578 Tumens
845 2536 1028 2591 garulus
1076 2536 1224 2579 inanis
1270 2536 1480 2593 superbia
1527 2552 1696 2594 pennas
1739 2537 1925 2594 pavonis
1969 2551 2084 2594 quae
2123 2537 2375 2580 ceciderant
2406 2537 2586 2580 sustulit

601 2618 645 2655 et
690 2627 736 2655 se
780 2614 948 2670 optime
979 2614 1167 2656 ornavit.
1235 2614 1407 2656 Deinde
1438 2620 1730 2657 contemnens
1762 2629 1865 2657 suos
1896 2616 2017 2671 gregi
2051 2629 2278 2672 pavonum
2312 2629 2360 2659 se
2393 2615 2582 2659 miscuit.

388 2702 408 2732 5
605 2690 690 2732 Sed
740 2690 801 2732 illi
839 2691 993 2741 innoto
1040 2696 1083 2732 et
1126 2691 1364 2747 inpudenti
1398 2707 1515 2734 vano
1535 2707 1718 2753 >pennas
1749 2682 1850 2735 irati
1881 2693 2090 2735 iniun‘ose
2119 2693 2331 2746 eripiunt:
2363 2693 2586 2735 morsibus

602 2756 751 2810 autem
787 2768 1025 2810 laceratum
1061 2772 1195 2823 atque
1230 2768 1502 2812 semivivum
1538 2769 1694 2825 fugant
1726 2769 2071 2827 [laceraveruntj.
2138 2768 2251 2812 Male
2282 2773 2491 2828 acceptus
2512 2768 2585 2812 ille

603 2844 786 2899 garulus
818 2845 950 2886 dixit:
989 2845 1177 2887 «Redire
1209 2847 1400 2887 erubeseo
1434 2845 1533 2903 [me]
1565 2845 1622 2888 ad
1655 2847 1881 2904 proprium
1916 2861 2080 2902 genus3
2114 2847 2173 2890 ibi
2207 2848 2371 2890 multos
2403 2853 2587 2891 ornatus

602 2922 960 2978 contempserim.
1022 2922 1137 2964 Tum
1186 2923 1358 2964 tristem
1409 2907 1631 2965 sustenuit
1661 2929 1811 2966 notam
1845 2925 2127 2980 sumpsitque
2158 2925 2360 2980 iniquam
2399 2926 2582 2967 famam.

389 3009 432 3041 lo
605 2998 733 3041 Tunc
766 2999 951 3056 quidam
985 3013 1102 3042 unus
1134 3013 1187 3041 ex
1222 3000 1308 3042 illis
1340 3000 1404 3042 ait
1434 3014 1548 3056 quos
1580 3001 1703 3057 prius
1731 3001 1904 3043 iniuriis
1925 3000 2198 3058 dispexerat:
2233 3001 2282 3044 Si
2302 3007 2586 3060 contemptus

605 3077 767 3119 nostris
814 3077 978 3119 fuisses
1008 3077 1190 3120 sedibus
1221 3082 1265 3120 et
1299 3077 1418 3132 quod
1452 3083 1613 3120 natura
1643 3078 1824 3120 dederat
1855 3080 2071 3120 voluisses
2101 3079 2334 3121 nobiscum
2368 3081 2475 3135 pati¹
2508 3094 2587 3121 nec

603 3152 723 3195 illam
758 3153 1000 3196 sustineres
1032 3154 1255 3202 iniuriam,
1291 3168 1370 3196 nec
1401 3168 1425 3196 a
1459 3154 1588 3196 nobis
1621 3148 1775 3211 pulsus
1807 3154 1985 3197 doleres.
2331 3152 2333 3154 ’

534 3304 559 3348 1)
584 3305 683 3342 Satis
709 3306 788 3341 seio
813 3305 947 3341 merito
973 3309 1191 3351 suspectum
1219 3317 1303 3342 esse
1329 3307 1400 3342 hoc
1429 3307 1596 3343 studium
1624 3308 1823 3343 revocandi
1843 3308 2003 3344 latentes
2020 3309 2121 3355 apud
2140 3309 2406 3355 paraphrastas
2425 3310 2584 3346 Phaedri

389 3363 547 3407 iambos,
582 3366 671 3408 quia
707 3366 861 3409 quidam
888 3366 927 3399 in
954 3367 1025 3399 hac
1051 3378 1091 3400 re
1116 3378 1193 3400 non
1219 3368 1312 3407 satis
1338 3372 1446 3401 caute
1473 3378 1516 3401 ac
1542 3369 1712 3401 modeste
1737 3378 1779 3401 se
1804 3373 2012 3411 gesserunt.
2039 3370 2105 3403 sed
2132 3370 2193 3403 hic
2217 3380 2328 3414 spero
2354 3380 2414 3404 me
2439 3370 2586 3405 cavisse

389 3423 538 3467 culpam
566 3425 806 3465 temeritatis:
847 3436 969 3469 neque
994 3425 1095 3459 enim
1123 3426 1242 3460 multa
1269 3427 1415 3460 mutavi
1441 3430 1479 3476 et
1503 3438 1599 3470 quae
1626 3428 1754 3461 addidi
1780 3439 1825 3461 ea
1850 3432 1890 3472 τῇ
1919 3426 2020 3472 διπλῇ
2050 3430 2177 3463 notavi
2204 3434 2243 3463 ut
2269 3430 2362 3463 satis
2387 3435 2584 3473 appareret

394 3491 494 3526 quae
518 3486 648 3530 essent
672 3479 860 3520 addificia.
887 3482 1068 3522 nimirum
1096 3483 1263 3519 carmina
1289 3484 1370 3529 ipsa
1396 3485 1556 3520 Phaedri
1582 3497 1674 3520 sane
1699 3487 1917 3533 etemeliora
1942 3492 1979 3522 et
1989 3488 2158 3532 pleniora
2176 3490 2329 3524 fuerunt
2347 3490 2407 3524 his
2423 3501 2520 3532 quae
2536 3501 2583 3524 ex

390 3542 724 3590 pamphi-astarum
751 3543 876 3580 verbis
902 3543 1163 3581 restituuntur.
1725 3534 1726 3537 ¹

532 3617 653 3651 Lunds
679 3619 776 3652 Univ.
799 3611 978 3652 Lrsskrift.
1007 3620 1102 3652 rom.
1129 3620 1283 3656 xxxm.
2418 3621 2443 3657 2
