3198 4058
1392 175 1415 204 Χ

948 340 1003 374 De
1027 339 1228 382 generibus
1253 342 1292 374 et
1315 329 1422 374 libris
1446 339 1733 383 paraphrasium
1760 339 2092 375 Phaedrianarum.
2573 328 2623 368 17

433 448 500 496 14;
536 448 601 496 17;
638 446 704 496 19;
737 444 800 487 IV
833 447 873 495 ὗς
909 446 947 495 ’ῖς
985 447 1168 494 10-12ς
1207 446 1258 486 14
1288 449 1333 488 et
1369 446 1432 496 15;
1472 446 1535 495 17:
1569 446 1639 493 21:
1672 446 1740 494 22;
1774 447 1961 493 24—302
1996 447 2183 496 33-37;
2216 460 2313 500 app.
2349 446 2507 514 ‘Ze-l-IQ
2547 446 2617 493 13;

433 524 499 574 163
553 523 615 572 17;
669 524 733 573 19;
782 525 851 572 22;
885 524 952 565 27.
1003 522 1107 564 huic
1141 522 1292 578 generi
1325 521 1563 564 coniuncta
1593 526 1699 564 sunt
1731 522 1835 564 talia
1866 522 1920 564 de
1954 522 2137 564 historia
2167 522 2432 564 animalium
2468 520 2622 577 qualia

406 596 571 641 ‘multa
600 605 706 641 sunt
735 599 856 654 apud
890 599 1168 641 Aristotelem
1203 598 1442 640 Aelianum
1474 598 1692 649 Plinium;
1726 599 1853 640 cuius
1885 600 2061 653 generis
2094 606 2160 640 est
2194 600 2307 640 inter
2330 598 2623 653 paraphrases

429 690 520 718 una
565 675 620 717 de
665 676 839 717 cornice
876 681 920 717 et
951 689 1063 717 urna
1094 687 1153 718 ro
1186 674 1249 716 IV
1287 676 1352 725 13,
1385 689 1525 753 quan}
1556 689 1644 717 non
1677 675 1732 717 de
1766 675 1969 717 Phaedro
2003 681 2231 730 sumptam
2265 690 2358 717 esse
2394 673 2623 730 probabile

428 758 505 802 est,
539 752 703 795 desunt
733 752 831 794 illae
864 752 918 795 de
951 766 1053 794 urso
1085 752 1305 795 esuriente
1337 767 1424 805 app
1456 753 1507 793 21
1544 751 1688 807 deque
1720 752 1882 794 lacerta
1908 759 1950 794 et
1972 752 2026 794 de
2050 751 2175 794 bibro
2199 757 2387 793 mortem
2411 750 2619 807 fugienti-

429 830 512 871 bus
559 844 646 882 app
682 831 738 870 25
769 834 812 870 et
844 831 911 870 30.
946 844 999 870 ex
1032 829 1139 884 ipsis
1172 843 1275 870 vero
1307 829 1571 870 animalium
1604 829 1766 870 fabulis
1799 829 2022 884 quaedam
2059 828 2269 870 videntur
2302 829 2347 870 in
2382 828 2532 870 libros·
2552 843 2624 883 pa-

428 889 761 961 raphrastarum
812 920 901 946 non
949 920 1043 947 esse
1091 910 1289 960 receptae
1326 904 1521 947 consilio.
1557 919 1671 960 quae
1704 904 1885 960 quidem
1925 906 2178 960 principum
2214 906 2350 946 vitam
2388 919 2622 960 moresque

429 987 619 1038 tangunt-
666 998 753 1024 non
802 982 897 1025 sine
943 982 1094 1038 aliqua
1139 982 1387 1026 acerbitate,
1439 982 1455 1024 I
1494 985 1557 1031 15,
1592 983 1638 1024 in
1670 998 1759 1038 qua
1791 983 1943 1025 asinus
1976 983 2116 1024 elatus
2148 983 2429 1026 contumacia
2460 982 2620 1038 despe-

428 1060 610 1102 rationis
643 1059 838 1114 loquitur
869 1059 922 1101 de
955 1059 1222 1102 adventante
1256 1075 1372 1101 novo
1404 1059 1586 1101 domiuo
1608 1059 1657 1113 1);
1691 1061 1747 1101 30
1780 1060 1853 1102 ubi
1889 1075 2022 1102 ranae
2055 1065 2305 1114 queruntur
2331 1076 2376 1101 se
2398 1059 2608 1102 obtritum

427 1136 479 1178 iri
511 1150 538 1178 a
570 1141 695 1178 tauro
729 1136 855 1179 victo,
891 1136 952 1177 lv
987 1139 1012 1175 (ἱ
1046 1150 1136 1191 qua
1177 1136 1428 1191 principum
1466 1136 1797 1191 magnificentia
1829 1136 2015 1178 vertitur
2048 1137 2091 1177 in
2126 1135 2369 1177 ludibrium
2405 1135 2619 1178 miserias-

427 1228 535 1269 que:
587 1213 665 1256 has
712 1228 866 1256 omnes
906 1213 1081 1256 fabulas
1114 1228 1203 1255 non
1239 1213 1401 1268 recepit
1435 1213 1469 1255 is
1503 1213 1817 1268 paraphrastes
1849 1214 2062 1269 antiquus
2095 1228 2148 1256 ex
2182 1227 2271 1268 quo
2305 1212 2498 1268 pendcnt
2532 1213 2620 1255 fere

427 1290 709 1348 posteriores;
759 1296 865 1340 erat,
914 1290 1083 1347 opinor.
1133 1290 1268 1333 homo
1314 1296 1472 1333 cautus
1506 1289 1646 1346 magis
1683 1290 1881 1333 Phaedro
1929 1291 2023 1346 ipso
2058 1305 2229 1333 memor
2263 1305 2415 1333 versus
2446 1290 2617 1346 antiqui

428 1368 583 1412 Palam
615 1368 780 1411 ›nuttirc
806 1369 961 1423 plebeio
986 1368 1206 1423 piaculum
1236 1372 1305 1422 est,
1339 1381 1472 1424 quem
1499 1367 1653 1423 legisse
1676 1367 1903 1424 quondam
1929 1382 2116 1424 puerum
2142 1383 2186 1410 se
2212 1373 2361 1411 narrat
2384 1366 2611 1411 Phaedrus

427 1445 489 1490 IV
524 1447 590 1489 26.
626 1447 694 1488 34.
744 1445 875 1489 etiam
928 1445 1078 1501 religio
1124 1445 1244 1502 apud
1279 1450 1594 1502 postremos
1633 1445 1957 1502 paraphrastas,
1993 1446 2026 1489 si
2065 1445 2195 1488 modo
2228 1450 2366 1496 erant,
2400 1445 2519 1502 quod
2553 1459 2618 1488 su-

426 1523 583 1579 spicor,
618 1522 813 1578 magistri
849 1522 1006 1568 clerici,
1042 1524 1224 1566 fortasse
1256 1523 1404 1566 effecit
1427 1522 1650 1566 interdum
1684 1539 1737 1566 ne
1760 1523 2044 1566 admitterent
2073 1539 2124 1566 ea
2148 1524 2190 1566 in
2215 1523 2379 1578 quibus
2404 1523 2618 1566 memoria

425 1600 711 1656 antiquarum
762 1599 1023 1655 religionum
1066 1599 1198 1642 nimis
1233 1599 1513 1655 promineret.
1549 1604 1597 1642 ut-
1630 1599 1818 1642 Phaedri
1855 1599 1914 1641 IV
1949 1600 2019 1641 32.
2070 1599 2145 1642 sed
2180 1599 2261 1642 hoc
2295 1598 2461 1642 dubito
2514 1614 2614 1641 nam

427 1677 652 1719 malebant
701 1676 804 1719 talia
835 1682 1081 1732 t-enq»erare
1114 1681 1156 1719 et
1187 1677 1313 1732 quasi
1348 1676 1595 1720 obscurare.
1632 1682 1678 1719 ut
1723 1676 1909 1719 Phaedri
1947 1677 2005 1718 [V
2041 1679 2107 1719 24.
2143 1678 2182 1718 4.
2257 1677 2342 1721 Ubi
2375 1677 2617 1727 intrudatur,

425 1759 520 1797 erm
561 1758 784 1808 prcaeywto
831 1755 962 1806 (lemn,
1011 1768 1110 1796 cum
1164 1753 1434 1796 Ps-romulus
1472 1754 1564 1809 ipse
1612 1754 1716 1797 satis
1766 1754 1992 1797 habuisset
2024 1759 2119 1796 exta
2159 1769 2236 1811 pro
2269 1754 2342 1796 illo
2374 1758 2469 1797 anta
2500 1754 2619 1796 deum

425 1831 628 1880 scribere,
664 1831 713 1872 αδ
745 1832 797 1873 27
835 1831 945 1874 mira
977 1831 1236 1874 confusione
1270 1830 1532 1887 religionum
1568 1831 1681 1874 hanc
1713 1829 1885 1874 addidit
1918 1831 2327 1887 interpolationem:
2363 1831 2435 1874 ubi
2479 1831 2615 1873 immv-

425 1910 515 1952 lant
560 1909 749 1964 episcopi.
799 1908 873 1952 sed
923 1909 955 1952 si
993 1908 1073 1952 hoc
1109 1909 1192 1952 fuit
1224 1908 1444 1952 interdum
1481 1908 1676 1952 studium
1714 1936 1767 1941 —-
1800 1908 1918 1965 quod
1955 1909 1997 1951 in
2029 1907 2359 1965 antiquissimis
2392 1913 2508 1952 certe
2543 1923 2612 1964 pa—

425 1985 668 2042 raphrastis
720 1984 748 2027 ll
800 1991 842 2029 ct
875 2001 900 2028 π
942 1986 1111 2029 nullum
1162 1986 1245 2035 [uit
1278 2012 1333 2017 -—
1367 2001 1420 2030 ne
1455 1986 1663 2042 postremi
1698 1985 1882 2042 quidem
1919 1986 2238 2042 paraphrastae
2272 1986 2314 2028 in
2350 2001 2401 2029 ea
2432 2000 2478 2029 re
2511 1986 2617 2029 satis

425 2061 506 2105 sibi
542 2062 623 2119 ipsi
658 2068 882 2106 constant:
916 2064 970 2106 cf.
1009 2062 1094 2105 fab.
1131 2062 1184 2106 de
1218 2063 1354 2106 miluo
1377 2067 1632 2119 aegrotante
1664 2074 1721 2106 ro
1759 2063 1773 2105 Ι
1812 2064 1862 2105 18
1899 2062 1930 2104 F
1965 2083 2016 2099 =
2057 2065 2107 2105 15»
2142 2063 2176 2105 B
2198 2063 2409 2118 aliasque.
2449 2067 2615 2106 restant

425 2139 618 2196 denique
667 2139 748 2183 hae
799 2139 973 2186 fabulae
1016 2139 1201 2184 Phaedri
1238 2139 1276 2182 ΙΙ
1316 2143 1349 2191 1;
1383 2142 1423 2183 4:
1460 2141 1496 2191 ῖς
1531 2139 1593 2183 ΙΙΙ
1633 2141 1695 2191 13;
1737 2142 1798 2188 1⁴52
1832 2139 1894 2183 IV
1930 2144 1969 2191 ‘³3
2009 2143 2072 2191 ἱεῖς
2113 2142 2176 2191 l&
2212 2141 2280 2186 20:
2314 2154 2403 2197 app
2443 2141 2506 2191 14;
2549 2141 2610 2189 18:

426 2219 453 2259 2
486 2231 494 2267 ;
544 2218 612 2268 243
660 2218 730 2267 31;
778 2218 846 2264 32,
896 2231 1084 2273 quarum
1137 2217 1428 2273 paraphrases
1474 2231 1553 2260 cur
1590 2217 1734 2260 desint
1766 2231 1902 2260 causa
1937 2218 2077 2273 magis
2114 2217 2155 2259 in
2190 2231 2294 2260 casu
2327 2217 2412 2259 sita
2445 2216 2619 2259 videtur

424 2309 531 2343 esse,
566 2294 659 2336 sive
697 2299 948 2349 temporum
984 2293 1048 2336 vis
1081 2299 1123 2337 et
1156 2295 1387 2337 vetustatis
1419 2310 1492 2337 eas
1524 2294 1703 2337 abstulit
1736 2295 1829 2337 sive
1863 2294 2087 2349 neglentia
2119 2294 2455 2350 praetermissae
2489 2300 2612 2338 sunt.

423 2385 525 2413 cum
575 2370 793 2412 industria
831 2370 1145 2427 paraphrastac
1178 2371 1453 2428 excerpentis
1486 2371 1568 2414 sub
1603 2372 1731 2414 tinem
1769 2371 1915 2427 operis
1950 2370 2111 2413 lassata
2146 2371 2461 2427 languesceret.
2496 2370 2615 2427 quod

423 2448 603 2503 quidem
639 2448 770 2490 etiam
797 2449 841 2490 in
874 2462 1008 2491 causa
1031 2449 1168 2491 fuisse
1191 2449 1489 2492 coniecturam
1516 2449 1629 2491 facio
1651 2463 1703 2491 ex
1727 2463 1778 2491 eo
1801 2448 1919 2504 quod
1950 2448 2071 2490 nulla
2096 2448 2285 2491 Phaedri
2309 2448 2461 2490 fabula
2485 2448 2615 2505 primi

425 2523 522 2566 libri
555 2538 623 2580 ap.
660 2525 971 2581 paraphrastas
1004 2525 1127 2568 deest
1158 2525 1268 2582 quin
1301 2525 1483 2568 consilio
1515 2541 1565 2568 ac
1599 2525 1760 2568 iudicio
1792 2525 1958 2568 omissa
1989 2525 2056 2573 sit»,
2090 2530 2135 2567 at
2168 2530 2254 2567 tres
2288 2524 2386 2567 libri
2410 2525 2612 2568 secundi.

423 2601 537 2645 duae
570 2601 697 2647 tertii,
732 2601 880 2658 plures
915 2617 1017 2645 vero
1049 2603 1195 2659 quarti
1228 2602 1325 2646 libri
1359 2602 1718 2659 appendicisquc.
1754 2616 1891 2658 quam
1927 2617 1981 2644 ex
2007 2602 2247 2658 posteriore
2273 2607 2395 2658 parte
2419 2603 2615 2658 corporis

424 2680 611 2723 Phaedri
646 2694 740 2723 esse
773 2686 1023 2737 excerptam
1060 2681 1148 2724 veri
1185 2681 1328 2724 simile
1361 2687 1438 2724 est.

568 2757 650 2800 His
700 2757 832 2813 igitur
878 2759 1065 2812 efficitur
1112 2758 1286 2801 fabulas
1324 2758 1511 2802 Phaedri
1561 2774 1633 2801 cas
1674 2773 1787 2814 quac
1833 2773 1860 2800 a
1893 2758 2194 2813 paraphrastis
2228 2765 2486 2801 retractatae
2519 2759 2607 2801 sint

423 2835 456 2877 si
494 2849 581 2878 non
615 2850 770 2878 omnes
801 2840 845 2878 at
879 2834 1092 2892 plurimas
1126 2836 1170 2878 in
1202 2835 1428 2879 codicibus
1462 2835 1851 2893 paraphrastarnm
1885 2850 2126 2892 superesse.

566 2912 650 2954 Sed
699 2913 741 2954 in
793 2913 875 2955 hoc
923 2926 1108 2955 numero
1156 2913 1411 2956 fabularum
1460 2927 1561 2956 cum
1615 2912 1812 2955 Phaedro
1854 2912 2193 2955 coniunctarmn
2228 2912 2422 2968 quadam
2460 2928 2614 2967 cogna-

424 2989 542 3031 tione
589 2995 693 3031 sunt
739 3003 850 3044 quas
896 2994 1042 3031 utrum
1094 2990 1384 3045 paraphrases
1435 2990 1730 3033 Phaedrianas
1780 3003 1917 3032 necne
1955 2989 2100 3032 ‹lit-am
2135 2989 2347 3033 dubitem.
2386 3004 2490 3033 nam
2524 2991 2603 3033 etsi

423 3063 618 3121 quadam
653 3069 781 3108 tenus
813 3071 993 3108 servant
1025 3066 1307 3130 paraphrasis
1340 3072 1559 3115 naturam,
1595 3071 1743 3109 tamen
1776 3065 1837 3109 sic
1869 3071 1973 3108 sunt
2009 3071 2203 3109 mutatae
2237 3071 2284 3109 ut
2317 3066 2443 3122 quasi
2471 3082 2612 3110 novae

423 3142 648 3185 extiterint
681 3142 870 3185 fabulae.
905 3143 1032 3186 cuius
1064 3143 1237 3199 generis
1269 3150 1375 3186 sunt
1406 3143 1502 3186 hae.

568 3218 735 3262 Fabula
783 3220 845 3262 de
892 3234 1029 3263 cane
1077 3226 1126 3263 et
1174 3222 1297 3263 fure
1345 3232 1395 3264 w
1435 3220 1493 3263 Ill
1529 3224 1555 3262 5³
1588 3232 1645 3263 ro
1681 3220 1718 3262 11
1752 3221 1778 3262 3
1812 3226 1902 3262 tota
1933 3219 2197 3263 declamatio
2229 3226 2293 3264 est
2327 3221 2604 3278 rhetorisque

422 3296 645 3340 officinam
695 3296 861 3341 redolet
907 3302 948 3341 et
989 3312 1041 3341 ea
1069 3297 1254 3354 ¹quidem
1286 3303 1378 3341 arte
1411 3298 1573 3355 scripta
1605 3312 1740 3354 quam
1774 3297 2071 3341 diasceuastes
2106 3312 2131 3340 π
2162 3299 2385 3355 attingere
2423 3313 2511 3342 non
2546 3314 2616 3356 po-

424 3374 557 3417 tuerit
588 3375 680 3417 suis
715 3374 893 3418 viribus.
929 3375 1146 3418 subiciam
1180 3376 1378 3419 fabulam
1412 3391 1465 3418 ex
1499 3388 1556 3419 ro
1591 3376 1924 3432 transscripta-m
1961 3390 2062 3418 cum
2100 3376 2358 3419 necessariis
2390 3378 2615 3420 correctio-

423 3451 567 3499 nibus,
618 3466 721 3494 nam
764 3452 808 3494 in
841 3465 891 3495 w
926 3452 1065 3495 multo
1098 3452 1272 3495 foedius
1305 3459 1370 3496 est
1401 3453 1644 3509 depravata
1679 3452 1951 3509 corruptelis.
2002 3471 2053 3495 ro
2081 3460 2115 3493 11
2143 3461 2164 3494 3
2189 3472 2234 3494 ex
2261 3459 2305 3494 Β.
2358 3461 2419 3495 ne
2445 3462 2615 3495 seduc*

566 3559 589 3601 ¹)
614 3561 697 3594 Non
724 3561 836 3603 igitur
863 3572 1063 3603 possumus
1090 3562 1268 3595 adsentiri
1297 3562 1434 3595 Rothio
1460 3562 1559 3604 quod
1586 3562 1680 3596 dicit
1707 3562 1801 3595 Phil.
1831 3563 1845 3594 Ι
1872 3562 1941 3594 534
1967 3572 2033 3594 cur
2061 3563 2126 3594 Ph.
2155 3563 2169 3594 1
2200 3562 2241 3595 14
2267 3567 2305 3595 et
2329 3563 2370 3595 15
2392 3563 2617 3597 omittantur

419 3629 442 3651 a
467 3619 735 3662 paraphrastis.
762 3631 912 3653 causam
940 3631 1023 3654 esse
1049 3621 1147 3663 quod
1176 3621 1233 3654 usi
1259 3621 1337 3654 sint
1362 3621 1489 3655 codice
1516 3621 1567 3654 ita
1594 3622 1629 3654 h.
1656 3621 1689 3662 l.,
1718 3625 1758 3655 ut
1786 3621 2006 3654 Danielinus
2032 3621 2092 3662 sit,
2121 3622 2309 3656 lacunoso.
